大富翁数据中心_市场代码,合约代码,时间,最新,持仓,增仓,成交额,成交量,开仓,平仓,成交类型,方向,买一价,卖一价,买一量,卖一量
sc,rb1605,2016-03-07 18:51:12.500,2073.0000,1725824,1725824,0.0000,0.0000,862912,-862912,空开,S,0.0000,0.0000,0,0
sc,rb1605,2016-03-07 20:59:00.500,2194.0000,1716960,-8864,1553044840.0000,70786.0000,30961,39825,空平,B,2193.0000,2194.0000,51,2589
sc,rb1605,2016-03-07 21:00:00.500,2183.0000,1718974,2014,196054220.0000,8952.0000,5483,3469,空开,S,2183.0000,2189.0000,81,945
sc,rb1605,2016-03-07 21:00:01.000,2183.0000,1718792,-182,115021100.0000,5260.0000,2539,2721,多平,S,2180.0000,2183.0000,119,39
sc,rb1605,2016-03-07 21:00:01.500,2187.0000,1720508,1716,224735020.0000,10298.0000,6007,4291,多开,B,2187.0000,2188.0000,11,20
sc,rb1605,2016-03-07 21:00:02.000,2183.0000,1713150,-7358,557114320.0000,25758.0000,9200,16558,多平,S,2181.0000,2183.0000,30,59
sc,rb1605,2016-03-07 21:00:02.500,2187.0000,1711754,-1396,335596020.0000,15628.0000,7116,8512,空平,B,2186.0000,2187.0000,29,24
sc,rb1605,2016-03-07 21:00:03.000,2160.0000,1711886,132,58039500.0000,2660.0000,1396,1264,空开,S,2160.0000,2180.0000,269,169
sc,rb1605,2016-03-07 21:00:03.500,2160.0000,1712446,560,61420020.0000,2838.0000,1699,1139,空开,S,2156.0000,2160.0000,2,56
sc,rb1605,2016-03-07 21:00:04.000,2160.0000,1712812,366,72527360.0000,3352.0000,1859,1493,空开,S,2158.0000,2159.0000,59,3
sc,rb1605,2016-03-07 21:00:04.500,2159.0000,1712210,-602,95983040.0000,4426.0000,1912,2514,多平,S,2159.0000,2181.0000,206,72
sc,rb1605,2016-03-07 21:00:05.000,2180.0000,1712164,-46,28436780.0000,1312.0000,633,679,空平,B,2173.0000,2180.0000,25,95
sc,rb1605,2016-03-07 21:00:05.500,2174.0000,1712690,526,51234280.0000,2350.0000,1438,912,空开,S,2174.0000,2185.0000,61,857
sc,rb1605,2016-03-07 21:00:06.000,2175.0000,1713268,578,17280420.0000,792.0000,685,107,多开,B,2175.0000,2178.0000,53,20
sc,rb1605,2016-03-07 21:00:06.500,2161.0000,1712948,-320,17227640.0000,792.0000,236,556,多平,S,2161.0000,2175.0000,17,87
sc,rb1605,2016-03-07 21:00:07.000,2160.0000,1712828,-120,9419480.0000,436.0000,158,278,多平,S,2160.0000,2161.0000,16,133
sc,rb1605,2016-03-07 21:00:07.500,2161.0000,1713324,496,48032240.0000,2216.0000,1356,860,多开,B,2161.0000,2163.0000,227,38
sc,rb1605,2016-03-07 21:00:08.000,2161.0000,1712644,-680,31572200.0000,1460.0000,390,1070,空平,B,2161.0000,2163.0000,684,4
sc,rb1605,2016-03-07 21:00:08.500,2162.0000,1712868,224,48844980.0000,2252.0000,1238,1014,多开,B,2162.0000,2175.0000,42,1
sc,rb1605,2016-03-07 21:00:09.000,2166.0000,1712820,-48,33309040.0000,1540.0000,746,794,空平,B,2163.0000,2168.0000,867,3
sc,rb1605,2016-03-07 21:00:09.500,2164.0000,1712642,-178,65122760.0000,2998.0000,1410,1588,多平,S,2164.0000,2167.0000,37,2
sc,rb1605,2016-03-07 21:00:10.000,2164.0000,1712610,-32,19600820.0000,906.0000,437,469,多平,S,2164.0000,2166.0000,131,123
sc,rb1605,2016-03-07 21:00:10.500,2167.0000,1713294,684,60894660.0000,2814.0000,1749,1065,多开,B,2166.0000,2167.0000,43,179
sc,rb1605,2016-03-07 21:00:11.000,2164.0000,1712758,-536,20689660.0000,956.0000,210,746,多平,S,2163.0000,2164.0000,34,10
sc,rb1605,2016-03-07 21:00:11.500,2164.0000,1712716,-42,9959020.0000,460.0000,209,251,多平,S,2163.0000,2164.0000,29,92
sc,rb1605,2016-03-07 21:00:12.000,2166.0000,1712642,-74,10514980.0000,486.0000,206,280,空平,B,2164.0000,2166.0000,49,118
sc,rb1605,2016-03-07 21:00:12.500,2163.0000,1712262,-380,17654040.0000,816.0000,218,598,多平,S,2161.0000,2163.0000,47,227
sc,rb1605,2016-03-07 21:00:13.000,2161.0000,1711932,-330,8430420.0000,390.0000,30,360,多平,S,2160.0000,2161.0000,470,378
sc,rb1605,2016-03-07 21:00:13.500,2164.0000,1711050,-882,62862080.0000,2906.0000,1012,1894,空平,B,2164.0000,2166.0000,105,177
sc,rb1605,2016-03-07 21:00:14.000,2163.0000,1710858,-192,16435920.0000,760.0000,284,476,多平,S,2161.0000,2163.0000,35,17
sc,rb1605,2016-03-07 21:00:14.500,2164.0000,1711140,282,53378520.0000,2466.0000,1374,1092,多开,B,2164.0000,2167.0000,381,26
sc,rb1605,2016-03-07 21:00:15.000,2163.0000,1710190,-950,41243180.0000,1906.0000,478,1428,多平,S,2163.0000,2166.0000,194,26
sc,rb1605,2016-03-07 21:00:15.500,2167.0000,1710394,204,18677300.0000,862.0000,533,329,多开,B,2167.0000,2168.0000,184,99
sc,rb1605,2016-03-07 21:00:16.000,2166.0000,1710380,-14,12438620.0000,574.0000,280,294,多平,S,2166.0000,2167.0000,32,301
sc,rb1605,2016-03-07 21:00:16.500,2164.0000,1710298,-82,11261980.0000,520.0000,219,301,多平,S,2165.0000,2167.0000,1,304
sc,rb1605,2016-03-07 21:00:17.000,2166.0000,1710160,-138,17545840.0000,810.0000,336,474,空平,B,2164.0000,2166.0000,224,250
sc,rb1605,2016-03-07 21:00:17.500,2166.0000,1710162,2,10432580.0000,482.0000,242,240,多开,B,2164.0000,2166.0000,39,291
sc,rb1605,2016-03-07 21:00:18.000,2166.0000,1710794,632,39192260.0000,1808.0000,1220,588,多开,B,2166.0000,2167.0000,1021,1
sc,rb1605,2016-03-07 21:00:18.500,2166.0000,1711174,380,22439960.0000,1036.0000,708,328,多开,B,2167.0000,2170.0000,3,2
sc,rb1605,2016-03-07 21:00:19.000,2172.0000,1711322,148,46861520.0000,2160.0000,1154,1006,多开,B,2168.0000,2172.0000,333,98
sc,rb1605,2016-03-07 21:00:19.500,2171.0000,1711348,26,40809940.0000,1882.0000,954,928,空开,S,2170.0000,2171.0000,82,165
sc,rb1605,2016-03-07 21:00:20.000,2172.0000,1710984,-364,17066320.0000,786.0000,211,575,空平,B,2172.0000,2173.0000,344,204
sc,rb1605,2016-03-07 21:00:20.500,2171.0000,1710490,-494,22806400.0000,1050.0000,278,772,多平,S,2171.0000,2172.0000,452,15
sc,rb1605,2016-03-07 21:00:21.000,2171.0000,1710888,398,37803880.0000,1740.0000,1069,671,空开,S,2173.0000,2175.0000,478,254
sc,rb1605,2016-03-07 21:00:21.500,2175.0000,1710952,64,21953540.0000,1010.0000,537,473,多开,B,2175.0000,2176.0000,76,209
sc,rb1605,2016-03-07 21:00:22.000,2175.0000,1710848,-104,10439200.0000,480.0000,188,292,空平,B,2174.0000,2175.0000,15,23
sc,rb1605,2016-03-07 21:00:22.500,2176.0000,1711330,482,13749860.0000,632.0000,557,75,多开,B,2176.0000,2177.0000,468,205
sc,rb1605,2016-03-07 21:00:23.000,2175.0000,1711584,254,24546140.0000,1128.0000,691,437,空开,S,2175.0000,2176.0000,455,46
sc,rb1605,2016-03-07 21:00:23.500,2176.0000,1711742,158,9618080.0000,442.0000,300,142,多开,B,2176.0000,2177.0000,75,149
sc,rb1605,2016-03-07 21:00:24.000,2177.0000,1711586,-156,14929560.0000,686.0000,265,421,空平,B,2176.0000,2177.0000,269,40
sc,rb1605,2016-03-07 21:00:24.500,2177.0000,1711844,258,12624160.0000,580.0000,419,161,多开,B,2177.0000,2178.0000,255,255
sc,rb1605,2016-03-07 21:00:25.000,2178.0000,1712110,266,19555860.0000,898.0000,582,316,多开,B,2178.0000,2179.0000,135,183
sc,rb1605,2016-03-07 21:00:25.500,2179.0000,1712348,238,19908980.0000,914.0000,576,338,多开,B,2178.0000,2179.0000,40,81
sc,rb1605,2016-03-07 21:00:26.000,2179.0000,1712530,182,6493420.0000,298.0000,240,58,多开,B,2179.0000,2180.0000,984,243
sc,rb1605,2016-03-07 21:00:26.500,2180.0000,1712648,118,20880740.0000,958.0000,538,420,多开,B,2180.0000,2181.0000,153,241
sc,rb1605,2016-03-07 21:00:27.000,2180.0000,1712808,160,5321120.0000,244.0000,202,42,多开,B,2180.0000,2181.0000,246,146
sc,rb1605,2016-03-07 21:00:27.500,2181.0000,1713222,414,21192620.0000,972.0000,693,279,多开,B,2181.0000,2182.0000,72,237
sc,rb1605,2016-03-07 21:00:28.000,2181.0000,1713280,58,8158660.0000,374.0000,216,158,多开,B,2181.0000,2182.0000,568,152
sc,rb1605,2016-03-07 21:00:28.500,2181.0000,1713470,190,25213800.0000,1156.0000,673,483,多开,B,2181.0000,2182.0000,732,131
sc,rb1605,2016-03-07 21:00:29.000,2182.0000,1712970,-500,21165400.0000,970.0000,235,735,空平,B,2182.0000,2183.0000,547,226
sc,rb1605,2016-03-07 21:00:29.500,2182.0000,1713210,240,33703940.0000,1544.0000,892,652,多开,B,2182.0000,2183.0000,591,1
sc,rb1605,2016-03-07 21:00:30.000,2182.0000,1713432,222,12570160.0000,576.0000,399,177,多开,B,2182.0000,2184.0000,1033,163
sc,rb1605,2016-03-07 21:00:30.500,2184.0000,1715298,1866,58358340.0000,2672.0000,2269,403,多开,B,2184.0000,2185.0000,44,68
sc,rb1605,2016-03-07 21:00:31.000,2185.0000,1715270,-28,8040980.0000,368.0000,170,198,空平,B,2185.0000,2186.0000,466,271
sc,rb1605,2016-03-07 21:00:31.500,2186.0000,1715144,-126,5944780.0000,272.0000,73,199,空平,B,2185.0000,2186.0000,288,203
sc,rb1605,2016-03-07 21:00:32.000,2185.0000,1715004,-140,9747720.0000,446.0000,153,293,多平,S,2185.0000,2186.0000,208,75
sc,rb1605,2016-03-07 21:00:32.500,2186.0000,1714310,-694,33465000.0000,1532.0000,419,1113,空平,B,2186.0000,2187.0000,39,320
sc,rb1605,2016-03-07 21:00:33.000,2186.0000,1714268,-42,26318820.0000,1204.0000,581,623,空平,B,2184.0000,2186.0000,3,138
sc,rb1605,2016-03-07 21:00:33.500,2185.0000,1714298,30,7819900.0000,358.0000,194,164,空开,S,2183.0000,2185.0000,598,322
sc,rb1605,2016-03-07 21:00:34.000,2186.0000,1714712,414,34207840.0000,1566.0000,990,576,多开,B,2185.0000,2186.0000,609,395
sc,rb1605,2016-03-07 21:00:34.500,2186.0000,1714970,258,46165960.0000,2112.0000,1185,927,多开,B,2186.0000,2187.0000,928,121
sc,rb1605,2016-03-07 21:00:35.000,2186.0000,1715688,718,69575580.0000,3182.0000,1950,1232,多开,B,2187.0000,2188.0000,3,590
sc,rb1605,2016-03-07 21:00:35.500,2187.0000,1716264,576,27980780.0000,1280.0000,928,352,多开,B,2187.0000,2188.0000,372,496
sc,rb1605,2016-03-07 21:00:36.000,2187.0000,1716042,-222,44135940.0000,2018.0000,898,1120,空平,B,2187.0000,2188.0000,83,357
sc,rb1605,2016-03-07 21:00:36.500,2187.0000,1716444,402,53697160.0000,2454.0000,1428,1026,多开,B,2186.0000,2187.0000,232,389
sc,rb1605,2016-03-07 21:00:37.000,2187.0000,1716360,-84,27731320.0000,1268.0000,592,676,空平,B,2187.0000,2189.0000,492,2
sc,rb1605,2016-03-07 21:00:37.500,2189.0000,1715824,-536,25765220.0000,1178.0000,321,857,空平,B,2188.0000,2189.0000,77,105
sc,rb1605,2016-03-07 21:00:38.000,2187.0000,1716584,760,32420720.0000,1482.0000,1121,361,空开,S,2187.0000,2188.0000,376,390
sc,rb1605,2016-03-07 21:00:38.500,2188.0000,1717196,612,16977280.0000,776.0000,694,82,多开,B,2187.0000,2188.0000,447,86
sc,rb1605,2016-03-07 21:00:39.000,2188.0000,1717298,102,33845760.0000,1546.0000,824,722,多开,B,2188.0000,2190.0000,458,1052
sc,rb1605,2016-03-07 21:00:39.500,2188.0000,1716542,-756,33962860.0000,1552.0000,398,1154,空平,B,2188.0000,2189.0000,135,35
sc,rb1605,2016-03-07 21:00:40.000,2188.0000,1717038,496,16800840.0000,768.0000,632,136,多开,B,2187.0000,2188.0000,915,300
sc,rb1605,2016-03-07 21:00:40.500,2188.0000,1717536,498,32247600.0000,1474.0000,986,488,多开,B,2187.0000,2188.0000,740,558
sc,rb1605,2016-03-07 21:00:41.000,2188.0000,1717676,140,37107800.0000,1696.0000,918,778,多开,B,2188.0000,2189.0000,68,476
sc,rb1605,2016-03-07 21:00:41.500,2188.0000,1717920,244,15096540.0000,690.0000,467,223,多开,B,2187.0000,2188.0000,826,110
sc,rb1605,2016-03-07 21:00:42.000,2187.0000,1717674,-246,33792680.0000,1544.0000,649,895,多平,S,2187.0000,2188.0000,822,1
sc,rb1605,2016-03-07 21:00:42.500,2188.0000,1717622,-52,3763460.0000,172.0000,60,112,空平,B,2188.0000,2190.0000,260,964
sc,rb1605,2016-03-07 21:00:43.000,2189.0000,1717822,200,31941520.0000,1460.0000,830,630,多开,B,2188.0000,2189.0000,1413,48
sc,rb1605,2016-03-07 21:00:43.500,2189.0000,1717528,-294,25254680.0000,1154.0000,430,724,空平,B,2189.0000,2190.0000,508,962
sc,rb1605,2016-03-07 21:00:44.000,2189.0000,1717632,104,3327680.0000,152.0000,128,24,多开,B,2189.0000,2190.0000,509,945
sc,rb1605,2016-03-07 21:00:44.500,2190.0000,1717630,-2,71118160.0000,3248.0000,1623,1625,空平,B,2190.0000,2191.0000,319,1289
sc,rb1605,2016-03-07 21:00:45.000,2189.0000,1716216,-1414,55137360.0000,2518.0000,552,1966,多平,S,2188.0000,2189.0000,1968,69
sc,rb1605,2016-03-07 21:00:45.500,2190.0000,1715304,-912,35571280.0000,1624.0000,356,1268,空平,B,2189.0000,2190.0000,154,7
sc,rb1605,2016-03-07 21:00:46.000,2189.0000,1715174,-130,39103580.0000,1786.0000,828,958,多平,S,2189.0000,2191.0000,218,724
sc,rb1605,2016-03-07 21:00:46.500,2190.0000,1715362,188,8540240.0000,390.0000,289,101,多开,B,2189.0000,2190.0000,169,50
sc,rb1605,2016-03-07 21:00:47.000,2190.0000,1715554,192,10249980.0000,468.0000,330,138,多开,B,2190.0000,2191.0000,89,1212
sc,rb1605,2016-03-07 21:00:47.500,2190.0000,1715334,-220,9242800.0000,422.0000,101,321,空平,B,2190.0000,2191.0000,814,1163
sc,rb1605,2016-03-07 21:00:48.000,2190.0000,1715356,22,27690240.0000,1264.0000,643,621,多开,B,2190.0000,2191.0000,734,733
sc,rb1605,2016-03-07 21:00:48.500,2191.0000,1714756,-600,38997000.0000,1780.0000,590,1190,空平,B,2191.0000,2192.0000,307,361
sc,rb1605,2016-03-07 21:00:49.000,2191.0000,1714898,142,5653600.0000,258.0000,200,58,多开,B,2191.0000,2192.0000,902,321
sc,rb1605,2016-03-07 21:00:49.500,2192.0000,1715114,216,15562720.0000,710.0000,463,247,多开,B,2192.0000,2193.0000,88,2011
sc,rb1605,2016-03-07 21:00:50.000,2192.0000,1715088,-26,17187020.0000,784.0000,379,405,空平,B,2191.0000,2192.0000,911,121
sc,rb1605,2016-03-07 21:00:50.500,2191.0000,1715250,162,31157600.0000,1422.0000,792,630,空开,S,2191.0000,2192.0000,389,325
sc,rb1605,2016-03-07 21:00:51.000,2191.0000,1715538,288,48786960.0000,2226.0000,1257,969,空开,S,2190.0000,2191.0000,1324,63
sc,rb1605,2016-03-07 21:00:51.500,2191.0000,1715638,100,10166380.0000,464.0000,282,182,空开,S,2191.0000,2192.0000,403,26
sc,rb1605,2016-03-07 21:00:52.000,2192.0000,1716318,680,44930460.0000,2050.0000,1365,685,多开,B,2191.0000,2192.0000,162,4
sc,rb1605,2016-03-07 21:00:52.500,2191.0000,1716224,-94,55469560.0000,2532.0000,1219,1313,多平,S,2191.0000,2192.0000,19,15
sc,rb1605,2016-03-07 21:00:53.000,2191.0000,1716452,228,22218740.0000,1014.0000,621,393,空开,S,2190.0000,2191.0000,2373,629
sc,rb1605,2016-03-07 21:00:53.500,2191.0000,1716870,418,33861820.0000,1546.0000,982,564,空开,S,2190.0000,2191.0000,1828,433
sc,rb1605,2016-03-07 21:00:54.000,2192.0000,1716038,-832,49159580.0000,2244.0000,706,1538,空平,B,2191.0000,2192.0000,92,470
sc,rb1605,2016-03-07 21:00:54.500,2191.0000,1715878,-160,30114060.0000,1374.0000,607,767,多平,S,2191.0000,2192.0000,14,51
sc,rb1605,2016-03-07 21:00:55.000,2192.0000,1716368,490,12143880.0000,554.0000,522,32,多开,B,2192.0000,2193.0000,1210,1756
sc,rb1605,2016-03-07 21:00:55.500,2192.0000,1716780,412,23413020.0000,1068.0000,740,328,多开,B,2192.0000,2193.0000,871,1644
sc,rb1605,2016-03-07 21:00:56.000,2192.0000,1716692,-88,20213980.0000,922.0000,417,505,空平,B,2192.0000,2193.0000,601,1457
sc,rb1605,2016-03-07 21:00:56.500,2192.0000,1717798,1106,41270740.0000,1882.0000,1494,388,多开,B,2192.0000,2193.0000,528,596
sc,rb1605,2016-03-07 21:00:57.000,2193.0000,1718272,474,29210600.0000,1332.0000,903,429,多开,B,2193.0000,2194.0000,266,3158
sc,rb1605,2016-03-07 21:00:57.500,2194.0000,1717988,-284,40523420.0000,1848.0000,782,1066,空平,B,2193.0000,2194.0000,8,2977
sc,rb1605,2016-03-07 21:00:58.000,2193.0000,1717936,-52,21572500.0000,984.0000,466,518,多平,S,2193.0000,2194.0000,111,2983
sc,rb1605,2016-03-07 21:00:58.500,2193.0000,1718548,612,110082360.0000,5018.0000,2815,2203,空开,S,2193.0000,2194.0000,67,1112
sc,rb1605,2016-03-07 21:00:59.000,2193.0000,1718628,80,8335660.0000,380.0000,230,150,空开,S,2193.0000,2194.0000,127,1011
sc,rb1605,2016-03-07 21:00:59.500,2193.0000,1718642,14,39621980.0000,1806.0000,910,896,空开,S,2193.0000,2194.0000,822,261
sc,rb1605,2016-03-07 21:01:00.000,2194.0000,1719012,370,16762120.0000,764.0000,567,197,多开,B,2194.0000,0.0000,442,0
sc,rb1605,2016-03-07 21:01:00.500,2194.0000,1719468,456,21018520.0000,958.0000,707,251,多开,B,2194.0000,0.0000,890,0
sc,rb1605,2016-03-07 21:01:01.000,2194.0000,1719428,-40,5660520.0000,258.0000,109,149,空平,B,2194.0000,0.0000,1460,0
sc,rb1605,2016-03-07 21:01:01.500,2194.0000,1719420,-8,2413400.0000,110.0000,51,59,空平,B,2194.0000,0.0000,1527,0
sc,rb1605,2016-03-07 21:01:02.000,2194.0000,1719340,-80,21588960.0000,984.0000,452,532,空平,B,2194.0000,0.0000,1517,0
sc,rb1605,2016-03-07 21:01:02.500,2194.0000,1719584,244,14304880.0000,652.0000,448,204,多开,B,2194.0000,0.0000,2035,0
sc,rb1605,2016-03-07 21:01:03.000,2194.0000,1719066,-518,30935400.0000,1410.0000,446,964,空平,B,2194.0000,0.0000,1872,0
sc,rb1605,2016-03-07 21:01:03.500,2194.0000,1719000,-66,13997720.0000,638.0000,286,352,空平,B,2194.0000,0.0000,3013,0
sc,rb1605,2016-03-07 21:01:04.000,2194.0000,1718000,-1000,34840720.0000,1588.0000,294,1294,空平,B,2194.0000,0.0000,2462,0
sc,rb1605,2016-03-07 21:01:04.500,2194.0000,1718038,38,15270240.0000,696.0000,367,329,多开,B,2194.0000,0.0000,2885,0
sc,rb1605,2016-03-07 21:01:05.000,2194.0000,1718058,20,5967680.0000,272.0000,146,126,多开,B,2194.0000,0.0000,3602,0
sc,rb1605,2016-03-07 21:01:05.500,2194.0000,1718410,352,10180160.0000,464.0000,408,56,多开,B,2194.0000,0.0000,3444,0
sc,rb1605,2016-03-07 21:01:06.000,2194.0000,1718750,340,14524280.0000,662.0000,501,161,多开,B,2194.0000,0.0000,3230,0
sc,rb1605,2016-03-07 21:01:06.500,2194.0000,1718778,28,745960.0000,34.0000,31,3,多开,B,2194.0000,0.0000,3226,0
sc,rb1605,2016-03-07 21:01:07.000,2194.0000,1718920,142,5046200.0000,230.0000,186,44,多开,B,2194.0000,0.0000,2674,0
sc,rb1605,2016-03-07 21:01:07.500,2194.0000,1719322,402,10838360.0000,494.0000,448,46,多开,B,2194.0000,0.0000,3340,0
sc,rb1605,2016-03-07 21:01:08.000,2194.0000,1719104,-218,7327960.0000,334.0000,58,276,空平,B,2194.0000,0.0000,3789,0
sc,rb1605,2016-03-07 21:01:08.500,2194.0000,1719042,-62,5221720.0000,238.0000,88,150,空平,B,2194.0000,0.0000,3952,0
sc,rb1605,2016-03-07 21:01:09.000,2194.0000,1719016,-26,10838360.0000,494.0000,234,260,空平,B,2194.0000,0.0000,3838,0
sc,rb1605,2016-03-07 21:01:09.500,2194.0000,1718996,-20,1009240.0000,46.0000,13,33,空平,B,2194.0000,0.0000,4980,0
sc,rb1605,2016-03-07 21:01:10.000,2194.0000,1718830,-166,4168600.0000,190.0000,12,178,空平,B,2194.0000,0.0000,5230,0
sc,rb1605,2016-03-07 21:01:10.500,2194.0000,1718814,-16,9960760.0000,454.0000,219,235,空平,B,2194.0000,0.0000,5056,0
sc,rb1605,2016-03-07 21:01:11.000,2194.0000,1718564,-250,8117800.0000,370.0000,60,310,空平,B,2194.0000,0.0000,6308,0
sc,rb1605,2016-03-07 21:01:11.500,2194.0000,1717960,-604,41247200.0000,1880.0000,638,1242,空平,B,2194.0000,0.0000,5408,0
sc,rb1605,2016-03-07 21:01:12.000,2194.0000,1717872,-88,4563520.0000,208.0000,60,148,空平,B,2194.0000,0.0000,5965,0
sc,rb1605,2016-03-07 21:01:12.500,2194.0000,1717854,-18,877600.0000,40.0000,11,29,空平,B,2194.0000,0.0000,6057,0
sc,rb1605,2016-03-07 21:01:13.000,2194.0000,1717850,-4,2588920.0000,118.0000,57,61,空平,B,2194.0000,0.0000,6558,0
sc,rb1605,2016-03-07 21:01:13.500,2194.0000,1717812,-38,1667440.0000,76.0000,19,57,空平,B,2194.0000,0.0000,6643,0
sc,rb1605,2016-03-07 21:01:14.000,2194.0000,1717780,-32,3817560.0000,174.0000,71,103,空平,B,2194.0000,0.0000,6683,0
sc,rb1605,2016-03-07 21:01:14.500,2194.0000,1717724,-56,2808320.0000,128.0000,36,92,空平,B,2194.0000,0.0000,6715,0
sc,rb1605,2016-03-07 21:01:15.000,2194.0000,1717708,-16,2545040.0000,116.0000,50,66,空平,B,2194.0000,0.0000,6670,0
sc,rb1605,2016-03-07 21:01:15.500,2194.0000,1717320,-388,29399600.0000,1340.0000,476,864,空平,B,2194.0000,0.0000,6236,0
sc,rb1605,2016-03-07 21:01:16.000,2194.0000,1717352,32,1667440.0000,76.0000,54,22,多开,B,2194.0000,0.0000,6263,0
sc,rb1605,2016-03-07 21:01:16.500,2194.0000,1717108,-244,7064680.0000,322.0000,39,283,空平,B,2194.0000,0.0000,6147,0
sc,rb1605,2016-03-07 21:01:17.000,2194.0000,1717036,-72,29706760.0000,1354.0000,641,713,空平,B,2194.0000,0.0000,5469,0
sc,rb1605,2016-03-07 21:01:17.500,2194.0000,1717352,316,23256400.0000,1060.0000,688,372,多开,B,2194.0000,0.0000,4990,0
sc,rb1605,2016-03-07 21:01:18.000,2194.0000,1717346,-6,4124720.0000,188.0000,91,97,空平,B,2194.0000,0.0000,4938,0
sc,rb1605,2016-03-07 21:01:18.500,2194.0000,1717164,-182,11672080.0000,532.0000,175,357,空平,B,2194.0000,0.0000,4661,0
sc,rb1605,2016-03-07 21:01:19.000,2194.0000,1717226,62,28302600.0000,1290.0000,676,614,多开,B,2194.0000,0.0000,4120,0
sc,rb1605,2016-03-07 21:01:19.500,2194.0000,1717482,256,6274840.0000,286.0000,271,15,多开,B,2194.0000,0.0000,2985,0
sc,rb1605,2016-03-07 21:01:20.000,2194.0000,1719540,2058,66960880.0000,3052.0000,2555,497,多开,B,2194.0000,0.0000,1554,0
sc,rb1605,2016-03-07 21:01:20.500,2193.0000,1722216,2676,110561280.0000,5040.0000,3858,1182,空开,S,2193.0000,2194.0000,38,1695
sc,rb1605,2016-03-07 21:01:21.000,2192.0000,1721298,-918,23893680.0000,1090.0000,86,1004,多平,S,2192.0000,2193.0000,339,1429
sc,rb1605,2016-03-07 21:01:21.500,2191.0000,1721410,112,17581000.0000,802.0000,457,345,空开,S,2191.0000,2192.0000,129,228
sc,rb1605,2016-03-07 21:01:22.000,2192.0000,1721584,174,7143240.0000,326.0000,250,76,多开,B,2191.0000,2192.0000,23,272
sc,rb1605,2016-03-07 21:01:22.500,2192.0000,1721476,-108,26128700.0000,1192.0000,542,650,空平,B,2191.0000,2192.0000,25,83
sc,rb1605,2016-03-07 21:01:23.000,2190.0000,1721372,-104,5828280.0000,266.0000,81,185,多平,S,2190.0000,2191.0000,2091,87
sc,rb1605,2016-03-07 21:01:23.500,2190.0000,1721352,-20,12045720.0000,550.0000,265,285,多平,S,2190.0000,2191.0000,1675,77
sc,rb1605,2016-03-07 21:01:24.000,2193.0000,1721324,-28,29415560.0000,1342.0000,657,685,空平,B,2192.0000,2193.0000,1,890
sc,rb1605,2016-03-07 21:01:24.500,2192.0000,1721384,60,10342740.0000,472.0000,266,206,空开,S,2191.0000,2192.0000,25,279
sc,rb1605,2016-03-07 21:01:25.000,2191.0000,1721466,82,23355860.0000,1066.0000,574,492,空开,S,2190.0000,2191.0000,1413,81
sc,rb1605,2016-03-07 21:01:25.500,2190.0000,1722048,582,61964100.0000,2828.0000,1705,1123,空开,S,2190.0000,2192.0000,892,68
sc,rb1605,2016-03-07 21:01:26.000,2190.0000,1722108,60,26032060.0000,1188.0000,624,564,空开,S,2190.0000,2191.0000,644,50
sc,rb1605,2016-03-07 21:01:26.500,2190.0000,1722538,430,14804680.0000,676.0000,553,123,空开,S,2190.0000,2191.0000,300,237
sc,rb1605,2016-03-07 21:01:27.000,2190.0000,1724346,1808,45353820.0000,2070.0000,1939,131,空开,S,2190.0000,2193.0000,56,594
sc,rb1605,2016-03-07 21:01:27.500,2190.0000,1724480,134,9288680.0000,424.0000,279,145,空开,S,2189.0000,2190.0000,390,379
sc,rb1605,2016-03-07 21:01:28.000,2191.0000,1725166,686,31007800.0000,1416.0000,1051,365,多开,B,2191.0000,2192.0000,19,846
sc,rb1605,2016-03-07 21:01:28.500,2191.0000,1725268,102,5125620.0000,234.0000,168,66,多开,B,2190.0000,2191.0000,149,97
sc,rb1605,2016-03-07 21:01:29.000,2191.0000,1724800,-468,68116360.0000,3108.0000,1320,1788,空平,B,2191.0000,2193.0000,102,1002
sc,rb1605,2016-03-07 21:01:29.500,2190.0000,1724894,94,10777740.0000,492.0000,293,199,空开,S,2189.0000,2190.0000,162,131
sc,rb1605,2016-03-07 21:01:30.000,2190.0000,1725134,240,9241320.0000,422.0000,331,91,空开,S,2190.0000,2191.0000,29,13
sc,rb1605,2016-03-07 21:01:30.500,2190.0000,1725334,200,13009560.0000,594.0000,397,197,空开,S,2190.0000,2191.0000,535,17
sc,rb1605,2016-03-07 21:01:31.000,2191.0000,1725156,-178,13100180.0000,598.0000,210,388,空平,B,2190.0000,2191.0000,533,350
sc,rb1605,2016-03-07 21:01:31.500,2191.0000,1723966,-1190,30321760.0000,1384.0000,97,1287,空平,B,2190.0000,2191.0000,415,21
sc,rb1605,2016-03-07 21:01:32.000,2192.0000,1723992,26,13493300.0000,616.0000,321,295,多开,B,2191.0000,2192.0000,60,603
sc,rb1605,2016-03-07 21:01:32.500,2190.0000,1724000,8,7754840.0000,354.0000,181,173,空开,S,2190.0000,2191.0000,152,100
sc,rb1605,2016-03-07 21:01:33.000,2190.0000,1723516,-484,21518760.0000,982.0000,249,733,多平,S,2190.0000,2191.0000,136,65
sc,rb1605,2016-03-07 21:01:33.500,2190.0000,1723538,22,31685000.0000,1446.0000,734,712,空开,S,2189.0000,2190.0000,265,114
sc,rb1605,2016-03-07 21:01:34.000,2190.0000,1723814,276,14716760.0000,672.0000,474,198,空开,S,2190.0000,2191.0000,334,21
sc,rb1605,2016-03-07 21:01:34.500,2190.0000,1724238,424,25006860.0000,1142.0000,783,359,空开,S,2189.0000,2190.0000,88,247
sc,rb1605,2016-03-07 21:01:35.000,2191.0000,1724632,394,26587400.0000,1214.0000,804,410,多开,B,2190.0000,2191.0000,82,582
sc,rb1605,2016-03-07 21:01:35.500,2189.0000,1724484,-148,14847480.0000,678.0000,265,413,多平,S,2189.0000,2190.0000,128,2
sc,rb1605,2016-03-07 21:01:36.000,2189.0000,1724436,-48,15282200.0000,698.0000,325,373,多平,S,2188.0000,2189.0000,2706,489
sc,rb1605,2016-03-07 21:01:36.500,2188.0000,1724632,196,18255900.0000,834.0000,515,319,空开,S,2188.0000,2189.0000,2689,234
sc,rb1605,2016-03-07 21:01:37.000,2189.0000,1725142,510,15629840.0000,714.0000,612,102,多开,B,2189.0000,2190.0000,448,344
sc,rb1605,2016-03-07 21:01:37.500,2190.0000,1725222,80,37667540.0000,1720.0000,900,820,多开,B,2189.0000,2190.0000,289,73
sc,rb1605,2016-03-07 21:01:38.000,2191.0000,1725164,-58,8850040.0000,404.0000,173,231,空平,B,2191.0000,2192.0000,111,142
sc,rb1605,2016-03-07 21:01:38.500,2191.0000,1725164,0,1270800.0000,58.0000,29,29,多换,B,2191.0000,2192.0000,85,143
sc,rb1605,2016-03-07 21:01:39.000,2190.0000,1724902,-262,10910800.0000,498.0000,118,380,多平,S,2190.0000,2192.0000,808,706
sc,rb1605,2016-03-07 21:01:39.500,2190.0000,1725188,286,24767560.0000,1130.0000,708,422,空开,S,2190.0000,2192.0000,823,200
sc,rb1605,2016-03-07 21:01:40.000,2191.0000,1725158,-30,1796660.0000,82.0000,26,56,空平,B,2191.0000,2192.0000,43,204
sc,rb1605,2016-03-07 21:01:40.500,2191.0000,1725032,-126,7011120.0000,320.0000,97,223,空平,B,2191.0000,2192.0000,191,221
sc,rb1605,2016-03-07 21:01:41.000,2192.0000,1724994,-38,6136460.0000,280.0000,121,159,空平,B,2191.0000,2192.0000,385,661
sc,rb1605,2016-03-07 21:01:41.500,2191.0000,1723914,-1080,60923560.0000,2780.0000,850,1930,多平,S,2191.0000,2192.0000,69,31
sc,rb1605,2016-03-07 21:01:42.000,2192.0000,1723984,70,12094340.0000,552.0000,311,241,多开,B,2192.0000,2193.0000,85,1638
sc,rb1605,2016-03-07 21:01:42.500,2192.0000,1723924,-60,9685780.0000,442.0000,191,251,空平,B,2190.0000,2191.0000,124,2
sc,rb1605,2016-03-07 21:01:43.000,2190.0000,1723986,62,8326920.0000,380.0000,221,159,空开,S,2190.0000,2191.0000,194,2
sc,rb1605,2016-03-07 21:01:43.500,2191.0000,1724374,388,14767160.0000,674.0000,531,143,多开,B,2190.0000,2191.0000,177,506
sc,rb1605,2016-03-07 21:01:44.000,2190.0000,1724458,84,12396640.0000,566.0000,325,241,空开,S,2189.0000,2190.0000,799,47
sc,rb1605,2016-03-07 21:01:44.500,2190.0000,1724402,-56,33392120.0000,1524.0000,734,790,多平,S,2191.0000,2192.0000,3,4711
sc,rb1605,2016-03-07 21:01:45.000,2189.0000,1725048,646,18094200.0000,826.0000,736,90,空开,S,2189.0000,2191.0000,780,41
sc,rb1605,2016-03-07 21:01:45.500,2190.0000,1724990,-58,4643380.0000,212.0000,77,135,空平,B,2190.0000,2191.0000,158,342
sc,rb1605,2016-03-07 21:01:46.000,2191.0000,1725002,12,33214460.0000,1516.0000,764,752,多开,B,2191.0000,2192.0000,318,6480
sc,rb1605,2016-03-07 21:01:46.500,2189.0000,1724164,-838,26639020.0000,1216.0000,189,1027,多平,S,2189.0000,2190.0000,763,5
sc,rb1605,2016-03-07 21:01:47.000,2192.0000,1724186,22,3549140.0000,162.0000,92,70,多开,B,2191.0000,2192.0000,92,9007
sc,rb1605,2016-03-07 21:01:47.500,2190.0000,1724162,-24,32512780.0000,1484.0000,730,754,多平,S,2190.0000,2191.0000,195,139
sc,rb1605,2016-03-07 21:01:48.000,2190.0000,1724082,-80,17307100.0000,790.0000,355,435,多平,S,2190.0000,2191.0000,372,552
sc,rb1605,2016-03-07 21:01:48.500,2190.0000,1723936,-146,31978880.0000,1460.0000,657,803,多平,S,2190.0000,2191.0000,374,719
sc,rb1605,2016-03-07 21:01:49.000,2190.0000,1723614,-322,10074160.0000,460.0000,69,391,多平,S,2190.0000,2191.0000,179,1007
sc,rb1605,2016-03-07 21:01:49.500,2190.0000,1723646,32,25458620.0000,1162.0000,597,565,空开,S,2190.0000,2191.0000,180,524
sc,rb1605,2016-03-07 21:01:50.000,2190.0000,1723904,258,13052900.0000,596.0000,427,169,空开,S,2189.0000,2190.0000,889,111
sc,rb1605,2016-03-07 21:01:50.500,2190.0000,1724134,230,26717920.0000,1220.0000,725,495,空开,S,2189.0000,2190.0000,896,380
sc,rb1605,2016-03-07 21:01:51.000,2190.0000,1724092,-42,3416320.0000,156.0000,57,99,多平,S,2189.0000,2190.0000,917,798
sc,rb1605,2016-03-07 21:01:51.500,2190.0000,1725052,960,30956540.0000,1414.0000,1187,227,空开,S,2189.0000,2190.0000,417,668
sc,rb1605,2016-03-07 21:01:52.000,2189.0000,1725482,430,22066520.0000,1008.0000,719,289,空开,S,2188.0000,2189.0000,2803,42
sc,rb1605,2016-03-07 21:01:52.500,2189.0000,1725468,-14,9195260.0000,420.0000,203,217,多平,S,2189.0000,2190.0000,90,625
sc,rb1605,2016-03-07 21:01:53.000,2189.0000,1725400,-68,26539180.0000,1212.0000,572,640,多平,S,2188.0000,2189.0000,2828,50
sc,rb1605,2016-03-07 21:01:53.500,2190.0000,1725720,320,11908760.0000,544.0000,432,112,多开,B,2189.0000,2190.0000,440,303
sc,rb1605,2016-03-07 21:01:54.000,2189.0000,1726134,414,13489820.0000,616.0000,515,101,空开,S,2189.0000,2190.0000,553,41
sc,rb1605,2016-03-07 21:01:54.500,2189.0000,1726200,66,3196280.0000,146.0000,106,40,空开,S,2189.0000,2190.0000,625,27
sc,rb1605,2016-03-07 21:01:55.000,2190.0000,1726202,2,8453360.0000,386.0000,194,192,多开,B,2190.0000,2191.0000,109,1185
sc,rb1605,2016-03-07 21:01:55.500,2190.0000,1726224,22,1270240.0000,58.0000,40,18,多开,B,2190.0000,2191.0000,192,1228
sc,rb1605,2016-03-07 21:01:56.000,2191.0000,1726436,212,46392540.0000,2118.0000,1165,953,多开,B,2190.0000,2191.0000,20,887
sc,rb1605,2016-03-07 21:01:56.500,2191.0000,1726030,-406,42987340.0000,1962.0000,778,1184,空平,B,2191.0000,2192.0000,300,13387
sc,rb1605,2016-03-07 21:01:57.000,2190.0000,1725544,-486,18010200.0000,822.0000,168,654,多平,S,2190.0000,2191.0000,424,66
sc,rb1605,2016-03-07 21:01:57.500,2190.0000,1725464,-80,7974620.0000,364.0000,142,222,多平,S,2190.0000,2191.0000,466,139
sc,rb1605,2016-03-07 21:01:58.000,2190.0000,1725448,-16,1620760.0000,74.0000,29,45,多平,S,2190.0000,2191.0000,457,154
sc,rb1605,2016-03-07 21:01:58.500,2190.0000,1725414,-34,2497180.0000,114.0000,40,74,多平,S,2190.0000,2191.0000,548,279
sc,rb1605,2016-03-07 21:01:59.000,2191.0000,1724836,-578,22833840.0000,1042.0000,232,810,空平,B,2190.0000,2191.0000,535,138
sc,rb1605,2016-03-07 21:01:59.500,2190.0000,1724840,4,3242260.0000,148.0000,76,72,空开,S,2190.0000,2191.0000,534,120
sc,rb1605,2016-03-07 21:02:00.000,2190.0000,1724848,8,4424100.0000,202.0000,105,97,空开,S,2190.0000,2191.0000,522,153
sc,rb1605,2016-03-07 21:02:00.500,2190.0000,1725900,1052,33300500.0000,1520.0000,1286,234,空开,S,2190.0000,2191.0000,619,240
sc,rb1605,2016-03-07 21:02:01.000,2191.0000,1725912,12,12483400.0000,570.0000,291,279,多开,B,2190.0000,2191.0000,515,1224
sc,rb1605,2016-03-07 21:02:01.500,2191.0000,1725382,-530,16601500.0000,758.0000,114,644,空平,B,2190.0000,2191.0000,203,1366
sc,rb1605,2016-03-07 21:02:02.000,2190.0000,1725700,318,12045000.0000,550.0000,434,116,空开,S,2189.0000,2190.0000,681,934
sc,rb1605,2016-03-07 21:02:02.500,2189.0000,1726458,758,38047260.0000,1738.0000,1248,490,空开,S,2188.0000,2189.0000,2449,37
sc,rb1605,2016-03-07 21:02:03.000,2188.0000,1726712,254,38015000.0000,1736.0000,995,741,空开,S,2188.0000,2189.0000,2489,85
sc,rb1605,2016-03-07 21:02:03.500,2188.0000,1726724,12,6302440.0000,288.0000,150,138,空开,S,2188.0000,2189.0000,2395,190
sc,rb1605,2016-03-07 21:02:04.000,2188.0000,1726142,-582,18816920.0000,860.0000,139,721,多平,S,2188.0000,2189.0000,1971,223
sc,rb1605,2016-03-07 21:02:04.500,2187.0000,1730092,3950,112853680.0000,5158.0000,4554,604,空开,S,2187.0000,2188.0000,853,51
sc,rb1605,2016-03-07 21:02:05.000,2188.0000,1730166,74,7655260.0000,350.0000,212,138,多开,B,2187.0000,2188.0000,756,2381
sc,rb1605,2016-03-07 21:02:05.500,2187.0000,1730104,-62,12337560.0000,564.0000,251,313,多平,S,2187.0000,2188.0000,641,75
sc,rb1605,2016-03-07 21:02:06.000,2187.0000,1729838,-266,31580460.0000,1444.0000,589,855,多平,S,2186.0000,2187.0000,620,434
sc,rb1605,2016-03-07 21:02:06.500,2186.0000,1729398,-440,10541140.0000,482.0000,21,461,多平,S,2186.0000,2187.0000,619,250
sc,rb1605,2016-03-07 21:02:07.000,2186.0000,1730070,672,34423740.0000,1574.0000,1123,451,空开,S,2186.0000,2187.0000,397,254
sc,rb1605,2016-03-07 21:02:07.500,2186.0000,1730560,490,19586680.0000,896.0000,693,203,空开,S,2185.0000,2186.0000,2145,162
sc,rb1605,2016-03-07 21:02:08.000,2187.0000,1730530,-30,40191960.0000,1838.0000,904,934,空平,B,2186.0000,2187.0000,42,112
sc,rb1605,2016-03-07 21:02:08.500,2186.0000,1730420,-110,9618960.0000,440.0000,165,275,多平,S,2186.0000,2187.0000,421,188
sc,rb1605,2016-03-07 21:02:09.000,2186.0000,1731350,930,55476860.0000,2538.0000,1734,804,空开,S,2185.0000,2186.0000,1982,827
sc,rb1605,2016-03-07 21:02:09.500,2186.0000,1731426,76,22820560.0000,1044.0000,560,484,空开,S,2185.0000,2186.0000,1918,266
sc,rb1605,2016-03-07 21:02:10.000,2187.0000,1733738,2312,66307340.0000,3034.0000,2673,361,多开,B,2186.0000,2187.0000,33,144
sc,rb1605,2016-03-07 21:02:10.500,2185.0000,1733334,-404,24829500.0000,1136.0000,366,770,多平,S,2185.0000,2186.0000,782,299
sc,rb1605,2016-03-07 21:02:11.000,2185.0000,1733398,64,10535040.0000,482.0000,273,209,空开,S,2185.0000,2186.0000,795,846
sc,rb1605,2016-03-07 21:02:11.500,2185.0000,1733584,186,35528240.0000,1626.0000,906,720,空开,S,2184.0000,2185.0000,23,872
sc,rb1605,2016-03-07 21:02:12.000,2184.0000,1733554,-30,2446100.0000,112.0000,41,71,多平,S,2183.0000,2184.0000,238,542
sc,rb1605,2016-03-07 21:02:12.500,2183.0000,1733508,-46,15717840.0000,720.0000,337,383,多平,S,2182.0000,2183.0000,413,59
sc,rb1605,2016-03-07 21:02:13.000,2182.0000,1733454,-54,9514200.0000,436.0000,191,245,多平,S,2182.0000,2183.0000,252,651
sc,rb1605,2016-03-07 21:02:13.500,2183.0000,1733458,4,89899760.0000,4120.0000,2062,2058,多开,B,2183.0000,2184.0000,112,356
sc,rb1605,2016-03-07 21:02:14.000,2182.0000,1733500,42,8992640.0000,412.0000,227,185,空开,S,2181.0000,2182.0000,1,444
sc,rb1605,2016-03-07 21:02:14.500,2180.0000,1733634,134,23936820.0000,1098.0000,616,482,空开,S,2179.0000,2180.0000,1473,1462
sc,rb1605,2016-03-07 21:02:15.000,2179.0000,1734208,574,86053320.0000,3948.0000,2261,1687,空开,S,2179.0000,2180.0000,818,145
sc,rb1605,2016-03-07 21:02:15.500,2182.0000,1734588,380,81952060.0000,3760.0000,2070,1690,多开,B,2178.0000,2182.0000,443,617
sc,rb1605,2016-03-07 21:02:16.000,2182.0000,1734676,88,70034100.0000,3212.0000,1650,1562,多开,B,2181.0000,2182.0000,23,157
sc,rb1605,2016-03-07 21:02:16.500,2181.0000,1734650,-26,5190520.0000,238.0000,106,132,多平,S,2180.0000,2181.0000,109,16
sc,rb1605,2016-03-07 21:02:17.000,2182.0000,1734632,-18,10251520.0000,470.0000,226,244,空平,B,2181.0000,2182.0000,982,149
sc,rb1605,2016-03-07 21:02:17.500,2182.0000,1734454,-178,6938760.0000,318.0000,70,248,空平,B,2182.0000,2183.0000,399,214
sc,rb1605,2016-03-07 21:02:18.000,2183.0000,1734250,-204,13404360.0000,614.0000,205,409,空平,B,2183.0000,2184.0000,226,24
sc,rb1605,2016-03-07 21:02:18.500,2184.0000,1734382,132,5460080.0000,250.0000,191,59,多开,B,2184.0000,2185.0000,219,946
sc,rb1605,2016-03-07 21:02:19.000,2185.0000,1733376,-1006,27614620.0000,1264.0000,129,1135,空平,B,2184.0000,2185.0000,260,418
sc,rb1605,2016-03-07 21:02:19.500,2185.0000,1733958,582,24080800.0000,1102.0000,842,260,多开,B,2185.0000,2186.0000,98,56
sc,rb1605,2016-03-07 21:02:20.000,2186.0000,1733800,-158,7826440.0000,358.0000,100,258,空平,B,2186.0000,2187.0000,166,49
sc,rb1605,2016-03-07 21:02:20.500,2187.0000,1733890,90,9709680.0000,444.0000,267,177,多开,B,2187.0000,2188.0000,219,157
sc,rb1605,2016-03-07 21:02:21.000,2190.0000,1732418,-1472,48552960.0000,2218.0000,373,1845,空平,B,2188.0000,2190.0000,144,445
sc,rb1605,2016-03-07 21:02:21.500,2188.0000,1732392,-26,5734300.0000,262.0000,118,144,多平,S,2188.0000,2190.0000,154,450
sc,rb1605,2016-03-07 21:02:22.000,2188.0000,1732916,524,44221360.0000,2020.0000,1272,748,空开,S,2187.0000,2188.0000,201,51
sc,rb1605,2016-03-07 21:02:22.500,2188.0000,1732680,-236,10281320.0000,470.0000,117,353,多平,S,2186.0000,2188.0000,48,197
sc,rb1605,2016-03-07 21:02:23.000,2187.0000,1732678,-2,2406300.0000,110.0000,54,56,多平,S,2186.0000,2187.0000,47,4
sc,rb1605,2016-03-07 21:02:23.500,2186.0000,1732716,38,8480720.0000,388.0000,213,175,空开,S,2185.0000,2186.0000,1576,608
sc,rb1605,2016-03-07 21:02:24.000,2185.0000,1733080,364,13684020.0000,626.0000,495,131,空开,S,2185.0000,2186.0000,1788,315
sc,rb1605,2016-03-07 21:02:24.500,2186.0000,1734402,1322,47151740.0000,2156.0000,1739,417,多开,B,2187.0000,2188.0000,1,10
sc,rb1605,2016-03-07 21:02:25.000,2187.0000,1734396,-6,3543460.0000,162.0000,78,84,空平,B,2187.0000,2188.0000,33,8
sc,rb1605,2016-03-07 21:02:25.500,2187.0000,1734484,88,12901540.0000,590.0000,339,251,多开,B,2186.0000,2187.0000,1067,1210
sc,rb1605,2016-03-07 21:02:26.000,2186.0000,1734404,-80,2886520.0000,132.0000,26,106,多平,S,2186.0000,2187.0000,1040,1162
sc,rb1605,2016-03-07 21:02:26.500,2186.0000,1734254,-150,5292120.0000,242.0000,46,196,多平,S,2186.0000,2187.0000,1020,1091
sc,rb1605,2016-03-07 21:02:27.000,2187.0000,1734236,-18,6167000.0000,282.0000,132,150,空平,B,2186.0000,2187.0000,1006,1171
sc,rb1605,2016-03-07 21:02:27.500,2186.0000,1733294,-942,23215880.0000,1062.0000,60,1002,多平,S,2186.0000,2187.0000,521,1161
sc,rb1605,2016-03-07 21:02:28.000,2187.0000,1733230,-64,2405440.0000,110.0000,23,87,空平,B,2186.0000,2187.0000,508,1199
sc,rb1605,2016-03-07 21:02:28.500,2186.0000,1732890,-340,12595960.0000,576.0000,118,458,多平,S,2186.0000,2187.0000,451,973
sc,rb1605,2016-03-07 21:02:29.000,2186.0000,1733120,230,6296240.0000,288.0000,259,29,空开,S,2186.0000,2187.0000,444,1051
sc,rb1605,2016-03-07 21:02:29.500,2187.0000,1732926,-194,14779900.0000,676.0000,241,435,空平,B,2186.0000,2187.0000,386,931
sc,rb1605,2016-03-07 21:02:30.000,2187.0000,1733054,128,15177440.0000,694.0000,411,283,多开,B,2186.0000,2187.0000,400,612
sc,rb1605,2016-03-07 21:02:30.500,2187.0000,1733654,600,27643400.0000,1264.0000,932,332,多开,B,2187.0000,2188.0000,131,317
sc,rb1605,2016-03-07 21:02:31.000,2187.0000,1733588,-66,2230740.0000,102.0000,18,84,空平,B,2187.0000,2188.0000,204,358
sc,rb1605,2016-03-07 21:02:31.500,2188.0000,1733248,-340,13340920.0000,610.0000,135,475,空平,B,2187.0000,2188.0000,589,377
sc,rb1605,2016-03-07 21:02:32.000,2187.0000,1733244,-4,5774000.0000,264.0000,130,134,多平,S,2187.0000,2188.0000,525,338
sc,rb1605,2016-03-07 21:02:32.500,2187.0000,1732840,-404,9710640.0000,444.0000,20,424,多平,S,2187.0000,2188.0000,379,321
sc,rb1605,2016-03-07 21:02:33.000,2187.0000,1732720,-120,4900660.0000,224.0000,52,172,多平,S,2187.0000,2188.0000,356,269
sc,rb1605,2016-03-07 21:02:33.500,2187.0000,1732850,130,17805380.0000,814.0000,472,342,空开,S,2187.0000,2188.0000,145,114
sc,rb1605,2016-03-07 21:02:34.000,2187.0000,1732944,94,7786020.0000,356.0000,225,131,空开,S,2186.0000,2187.0000,779,163
sc,rb1605,2016-03-07 21:02:34.500,2187.0000,1732978,34,2318180.0000,106.0000,70,36,空开,S,2186.0000,2187.0000,779,297
sc,rb1605,2016-03-07 21:02:35.000,2189.0000,1733200,222,28304560.0000,1294.0000,758,536,多开,B,2188.0000,2189.0000,33,188
sc,rb1605,2016-03-07 21:02:35.500,2187.0000,1733210,10,3018900.0000,138.0000,74,64,空开,S,2187.0000,2188.0000,33,332
sc,rb1605,2016-03-07 21:02:36.000,2187.0000,1733222,12,831280.0000,38.0000,25,13,空开,S,2187.0000,2188.0000,249,1381
sc,rb1605,2016-03-07 21:02:36.500,2187.0000,1733398,176,16927980.0000,774.0000,475,299,空开,S,2187.0000,2188.0000,358,1476
sc,rb1605,2016-03-07 21:02:37.000,2188.0000,1733416,18,26036620.0000,1190.0000,604,586,多开,B,2187.0000,2188.0000,512,1028
sc,rb1605,2016-03-07 21:02:37.500,2187.0000,1733390,-26,3543940.0000,162.0000,68,94,多平,S,2187.0000,2188.0000,545,1024
sc,rb1605,2016-03-07 21:02:38.000,2188.0000,1733694,304,27732920.0000,1268.0000,786,482,多开,B,2187.0000,2188.0000,6,1003
sc,rb1605,2016-03-07 21:02:38.500,2186.0000,1733624,-70,14659400.0000,670.0000,300,370,多平,S,2186.0000,2187.0000,1178,16
sc,rb1605,2016-03-07 21:02:39.000,2186.0000,1733954,330,29885060.0000,1366.0000,848,518,空开,S,2186.0000,2187.0000,1177,40
sc,rb1605,2016-03-07 21:02:39.500,2187.0000,1733878,-76,3717640.0000,170.0000,47,123,空平,B,2186.0000,2187.0000,1156,17
sc,rb1605,2016-03-07 21:02:40.000,2186.0000,1733942,64,2317880.0000,106.0000,85,21,空开,S,2186.0000,2187.0000,1139,34
sc,rb1605,2016-03-07 21:02:40.500,2187.0000,1733962,20,11674540.0000,534.0000,277,257,多开,B,2187.0000,2188.0000,22,200
sc,rb1605,2016-03-07 21:02:41.000,2187.0000,1734738,776,33032180.0000,1510.0000,1143,367,多开,B,2187.0000,2188.0000,21,23
sc,rb1605,2016-03-07 21:02:41.500,2189.0000,1734886,148,7923180.0000,362.0000,255,107,多开,B,2189.0000,2190.0000,347,1141
sc,rb1605,2016-03-07 21:02:42.000,2187.0000,1735580,694,23549480.0000,1076.0000,885,191,空开,S,2187.0000,2188.0000,136,157
sc,rb1605,2016-03-07 21:02:42.500,2188.0000,1735612,32,874980.0000,40.0000,36,4,多开,B,2187.0000,2188.0000,208,214
sc,rb1605,2016-03-07 21:02:43.000,2188.0000,1736222,610,24121960.0000,1102.0000,856,246,多开,B,2188.0000,2189.0000,336,160
sc,rb1605,2016-03-07 21:02:43.500,2188.0000,1736286,64,3545400.0000,162.0000,113,49,多开,B,2188.0000,2189.0000,300,159
sc,rb1605,2016-03-07 21:02:44.000,2189.0000,1736302,16,4903320.0000,224.0000,120,104,多开,B,2189.0000,2190.0000,80,991
sc,rb1605,2016-03-07 21:02:44.500,2188.0000,1736516,214,8274300.0000,378.0000,296,82,空开,S,2188.0000,2189.0000,452,407
sc,rb1605,2016-03-07 21:02:45.000,2188.0000,1737682,1166,26442940.0000,1208.0000,1187,21,空开,S,2189.0000,2190.0000,12,912
sc,rb1605,2016-03-07 21:02:45.500,2189.0000,1737464,-218,16366880.0000,748.0000,265,483,空平,B,2188.0000,2189.0000,55,84
sc,rb1605,2016-03-07 21:02:46.000,2190.0000,1737478,14,5866880.0000,268.0000,141,127,多开,B,2189.0000,2190.0000,118,1008
sc,rb1605,2016-03-07 21:02:46.500,2189.0000,1737474,-4,7575020.0000,346.0000,171,175,多平,S,2189.0000,2190.0000,158,1043
sc,rb1605,2016-03-07 21:02:47.000,2189.0000,1738634,1160,27593280.0000,1260.0000,1210,50,空开,S,2189.0000,2190.0000,378,450
sc,rb1605,2016-03-07 21:02:47.500,2190.0000,1738658,24,20979140.0000,958.0000,491,467,多开,B,2189.0000,2190.0000,382,13
sc,rb1605,2016-03-07 21:02:48.000,2190.0000,1738636,-22,4643300.0000,212.0000,95,117,空平,B,2190.0000,2191.0000,759,534
sc,rb1605,2016-03-07 21:02:48.500,2191.0000,1738406,-230,22611060.0000,1032.0000,401,631,空平,B,2191.0000,2192.0000,213,12743
sc,rb1605,2016-03-07 21:02:49.000,2192.0000,1738210,-196,22348780.0000,1020.0000,412,608,空平,B,2191.0000,2192.0000,368,12704
sc,rb1605,2016-03-07 21:02:49.500,2191.0000,1737830,-380,12493400.0000,570.0000,95,475,多平,S,2191.0000,2192.0000,380,12575
sc,rb1605,2016-03-07 21:02:50.000,2191.0000,1737888,58,15820420.0000,722.0000,390,332,空开,S,2191.0000,2192.0000,132,12510
sc,rb1605,2016-03-07 21:02:50.500,2191.0000,1737936,48,27991160.0000,1278.0000,663,615,空开,S,2190.0000,2191.0000,1079,283
sc,rb1605,2016-03-07 21:02:51.000,2191.0000,1737954,18,1971700.0000,90.0000,54,36,空开,S,2190.0000,2191.0000,1135,263
sc,rb1605,2016-03-07 21:02:51.500,2190.0000,1738026,72,9943460.0000,454.0000,263,191,空开,S,2190.0000,2191.0000,955,507
sc,rb1605,2016-03-07 21:02:52.000,2191.0000,1738028,2,7580740.0000,346.0000,174,172,多开,B,2190.0000,2191.0000,1270,454
sc,rb1605,2016-03-07 21:02:52.500,2190.0000,1739228,1200,33555940.0000,1532.0000,1366,166,空开,S,2190.0000,2191.0000,763,291
sc,rb1605,2016-03-07 21:02:53.000,2190.0000,1740164,936,45711500.0000,2086.0000,1511,575,空开,S,2190.0000,2192.0000,625,12010
sc,rb1605,2016-03-07 21:02:53.500,2189.0000,1739890,-274,30792540.0000,1406.0000,566,840,多平,S,2189.0000,2190.0000,614,443
sc,rb1605,2016-03-07 21:02:54.000,2190.0000,1739768,-122,4423400.0000,202.0000,40,162,空平,B,2189.0000,2190.0000,594,404
sc,rb1605,2016-03-07 21:02:54.500,2190.0000,1739686,-82,8540740.0000,390.0000,154,236,空平,B,2189.0000,2190.0000,608,256
sc,rb1605,2016-03-07 21:02:55.000,2190.0000,1739648,-38,5956700.0000,272.0000,117,155,空平,B,2189.0000,2190.0000,603,130
sc,rb1605,2016-03-07 21:02:55.500,2191.0000,1739516,-132,6789320.0000,310.0000,89,221,空平,B,2190.0000,2191.0000,606,818
sc,rb1605,2016-03-07 21:02:56.000,2190.0000,1740482,966,22917460.0000,1046.0000,1006,40,空开,S,2190.0000,2191.0000,1122,350
sc,rb1605,2016-03-07 21:02:56.500,2191.0000,1741372,890,25939400.0000,1184.0000,1037,147,多开,B,2191.0000,2192.0000,213,11989
sc,rb1605,2016-03-07 21:02:57.000,2191.0000,1741496,124,7670540.0000,350.0000,237,113,多开,B,2191.0000,2192.0000,174,11889
sc,rb1605,2016-03-07 21:02:57.500,2190.0000,1741318,-178,12268660.0000,560.0000,191,369,多平,S,2190.0000,2191.0000,1136,121
sc,rb1605,2016-03-07 21:02:58.000,2191.0000,1741314,-4,1927360.0000,88.0000,42,46,空平,B,2190.0000,2191.0000,1110,122
sc,rb1605,2016-03-07 21:02:58.500,2191.0000,1741362,48,25072520.0000,1144.0000,596,548,多开,B,2191.0000,2192.0000,81,11533
sc,rb1605,2016-03-07 21:02:59.000,2191.0000,1741424,62,1840460.0000,84.0000,73,11,多开,B,2191.0000,2192.0000,129,11637
sc,rb1605,2016-03-07 21:02:59.500,2191.0000,1741456,32,1007860.0000,46.0000,39,7,多开,B,2191.0000,2192.0000,624,11723
sc,rb1605,2016-03-07 21:03:00.000,2192.0000,1741452,-4,19069840.0000,870.0000,433,437,空平,B,2191.0000,2192.0000,816,11277
sc,rb1605,2016-03-07 21:03:00.500,2191.0000,1741372,-80,12932140.0000,590.0000,255,335,多平,S,2191.0000,2192.0000,1053,11013
sc,rb1605,2016-03-07 21:03:01.000,2191.0000,1741408,36,25206980.0000,1150.0000,593,557,空开,S,2191.0000,2192.0000,1057,10505
sc,rb1605,2016-03-07 21:03:01.500,2191.0000,1741908,500,31201020.0000,1424.0000,962,462,空开,S,2191.0000,2192.0000,404,10650
sc,rb1605,2016-03-07 21:03:02.000,2191.0000,1741726,-182,9685500.0000,442.0000,130,312,多平,S,2191.0000,2192.0000,320,10588
sc,rb1605,2016-03-07 21:03:02.500,2192.0000,1741578,-148,46776500.0000,2134.0000,993,1141,空平,B,2191.0000,2192.0000,281,9562
sc,rb1605,2016-03-07 21:03:03.000,2192.0000,1741350,-228,7800220.0000,356.0000,64,292,空平,B,2191.0000,2192.0000,401,9549
sc,rb1605,2016-03-07 21:03:03.500,2191.0000,1741400,50,26434700.0000,1206.0000,628,578,空开,S,2191.0000,2192.0000,785,8990
sc,rb1605,2016-03-07 21:03:04.000,2191.0000,1742010,610,21829960.0000,996.0000,803,193,空开,S,2191.0000,2192.0000,1239,8612
sc,rb1605,2016-03-07 21:03:04.500,2192.0000,1742444,434,25075900.0000,1144.0000,789,355,多开,B,2191.0000,2192.0000,1295,8076
sc,rb1605,2016-03-07 21:03:05.000,2191.0000,1743562,1118,58125560.0000,2652.0000,1885,767,空开,S,2191.0000,2192.0000,976,7066
sc,rb1605,2016-03-07 21:03:05.500,2192.0000,1748530,4968,169564700.0000,7736.0000,6352,1384,多开,B,2191.0000,2192.0000,118,3629
sc,rb1605,2016-03-07 21:03:06.000,2192.0000,1749898,1368,110781240.0000,5054.0000,3211,1843,多开,B,2191.0000,2192.0000,5,1242
sc,rb1605,2016-03-07 21:03:06.500,2192.0000,1749526,-372,71509660.0000,3262.0000,1445,1817,空平,B,2191.0000,2192.0000,200,43
sc,rb1605,2016-03-07 21:03:07.000,2192.0000,1749638,112,13239860.0000,604.0000,358,246,多开,B,2192.0000,2193.0000,850,944
sc,rb1605,2016-03-07 21:03:07.500,2192.0000,1749668,30,920640.0000,42.0000,36,6,多开,B,2192.0000,2193.0000,1107,949
sc,rb1605,2016-03-07 21:03:08.000,2193.0000,1749658,-10,9864700.0000,450.0000,220,230,空平,B,2192.0000,2193.0000,946,921
sc,rb1605,2016-03-07 21:03:08.500,2192.0000,1749398,-260,9165840.0000,418.0000,79,339,多平,S,2192.0000,2193.0000,1358,827
sc,rb1605,2016-03-07 21:03:09.000,2193.0000,1749994,596,25785200.0000,1176.0000,886,290,多开,B,2192.0000,2193.0000,1737,473
sc,rb1605,2016-03-07 21:03:09.500,2193.0000,1750048,54,8201340.0000,374.0000,214,160,多开,B,2192.0000,2193.0000,1684,518
sc,rb1605,2016-03-07 21:03:10.000,2192.0000,1749762,-286,19473260.0000,888.0000,301,587,多平,S,2192.0000,2193.0000,1674,103
sc,rb1605,2016-03-07 21:03:10.500,2193.0000,1749514,-248,7894760.0000,360.0000,56,304,空平,B,2193.0000,2194.0000,98,4859
sc,rb1605,2016-03-07 21:03:11.000,2193.0000,1749028,-486,27379840.0000,1248.0000,381,867,空平,B,2193.0000,2194.0000,632,4298
sc,rb1605,2016-03-07 21:03:11.500,2194.0000,1749004,-24,5526580.0000,252.0000,114,138,空平,B,2193.0000,2194.0000,1183,4312
sc,rb1605,2016-03-07 21:03:12.000,2194.0000,1748668,-336,7722580.0000,352.0000,8,344,空平,B,2193.0000,2194.0000,2048,4180
sc,rb1605,2016-03-07 21:03:12.500,2194.0000,1748382,-286,13821560.0000,630.0000,172,458,空平,B,2193.0000,2194.0000,2118,4004
sc,rb1605,2016-03-07 21:03:13.000,2193.0000,1748544,162,19087060.0000,870.0000,516,354,空开,S,2193.0000,2194.0000,2119,3607
sc,rb1605,2016-03-07 21:03:13.500,2194.0000,1747342,-1202,80850660.0000,3686.0000,1242,2444,空平,B,2193.0000,2194.0000,1241,2783
sc,rb1605,2016-03-07 21:03:14.000,2194.0000,1746154,-1188,62877760.0000,2866.0000,839,2027,空平,B,2193.0000,2194.0000,1334,1674
sc,rb1605,2016-03-07 21:03:14.500,2194.0000,1745382,-772,46380400.0000,2114.0000,671,1443,空平,B,2193.0000,2194.0000,1298,643
sc,rb1605,2016-03-07 21:03:15.000,2194.0000,1744760,-622,35541060.0000,1620.0000,499,1121,空平,B,2194.0000,0.0000,1291,0
sc,rb1605,2016-03-07 21:03:15.500,2194.0000,1744762,2,2852200.0000,130.0000,66,64,多开,B,2194.0000,0.0000,2035,0
sc,rb1605,2016-03-07 21:03:16.000,2194.0000,1744750,-12,3027720.0000,138.0000,63,75,空平,B,2194.0000,0.0000,2369,0
sc,rb1605,2016-03-07 21:03:16.500,2194.0000,1744750,0,1404160.0000,64.0000,32,32,多换,B,2194.0000,0.0000,2534,0
sc,rb1605,2016-03-07 21:03:17.000,2194.0000,1744740,-10,745960.0000,34.0000,12,22,空平,B,2194.0000,0.0000,3618,0
sc,rb1605,2016-03-07 21:03:17.500,2194.0000,1744692,-48,7064680.0000,322.0000,137,185,空平,B,2194.0000,0.0000,3762,0
sc,rb1605,2016-03-07 21:03:18.000,2194.0000,1744686,-6,4080840.0000,186.0000,90,96,空平,B,2194.0000,0.0000,3900,0
sc,rb1605,2016-03-07 21:03:18.500,2194.0000,1744740,54,5353360.0000,244.0000,149,95,多开,B,2194.0000,0.0000,3934,0
sc,rb1605,2016-03-07 21:03:19.000,2194.0000,1744756,16,3598160.0000,164.0000,90,74,多开,B,2194.0000,0.0000,4003,0
sc,rb1605,2016-03-07 21:03:19.500,2194.0000,1744882,126,5967680.0000,272.0000,199,73,多开,B,2194.0000,0.0000,4377,0
sc,rb1605,2016-03-07 21:03:20.000,2194.0000,1744760,-122,3729800.0000,170.0000,24,146,空平,B,2194.0000,0.0000,4378,0
sc,rb1605,2016-03-07 21:03:20.500,2194.0000,1744738,-22,1228640.0000,56.0000,17,39,空平,B,2194.0000,0.0000,4560,0
sc,rb1605,2016-03-07 21:03:21.000,2194.0000,1744722,-16,5441120.0000,248.0000,116,132,空平,B,2194.0000,0.0000,4809,0
sc,rb1605,2016-03-07 21:03:21.500,2194.0000,1744716,-6,921480.0000,42.0000,18,24,空平,B,2194.0000,0.0000,5026,0
sc,rb1605,2016-03-07 21:03:22.000,2194.0000,1744708,-8,9785240.0000,446.0000,219,227,空平,B,2194.0000,0.0000,5166,0
sc,rb1605,2016-03-07 21:03:22.500,2194.0000,1744672,-36,2150120.0000,98.0000,31,67,空平,B,2194.0000,0.0000,6380,0
sc,rb1605,2016-03-07 21:03:23.000,2194.0000,1744516,-156,4212480.0000,192.0000,18,174,空平,B,2194.0000,0.0000,6449,0
sc,rb1605,2016-03-07 21:03:23.500,2194.0000,1744506,-10,438800.0000,20.0000,5,15,空平,B,2194.0000,0.0000,6749,0
sc,rb1605,2016-03-07 21:03:24.000,2194.0000,1744488,-18,877600.0000,40.0000,11,29,空平,B,2194.0000,0.0000,6974,0
sc,rb1605,2016-03-07 21:03:24.500,2194.0000,1744484,-4,1184760.0000,54.0000,25,29,空平,B,2194.0000,0.0000,7127,0
sc,rb1605,2016-03-07 21:03:25.000,2194.0000,1744104,-380,8907640.0000,406.0000,13,393,空平,B,2194.0000,0.0000,6928,0
sc,rb1605,2016-03-07 21:03:25.500,2194.0000,1744052,-52,1140880.0000,52.0000,0,52,双平,B,2194.0000,0.0000,6927,0
sc,rb1605,2016-03-07 21:03:26.000,2194.0000,1744044,-8,394920.0000,18.0000,5,13,空平,B,2194.0000,0.0000,7462,0
sc,rb1605,2016-03-07 21:03:26.500,2194.0000,1744018,-26,2369520.0000,108.0000,41,67,空平,B,2194.0000,0.0000,7441,0
sc,rb1605,2016-03-07 21:03:27.000,2194.0000,1743878,-140,3510400.0000,160.0000,10,150,空平,B,2194.0000,0.0000,7377,0
sc,rb1605,2016-03-07 21:03:27.500,2194.0000,1743874,-4,745960.0000,34.0000,15,19,空平,B,2194.0000,0.0000,7436,0
sc,rb1605,2016-03-07 21:03:28.000,2194.0000,1743864,-10,482680.0000,22.0000,6,16,空平,B,2194.0000,0.0000,7484,0
sc,rb1605,2016-03-07 21:03:28.500,2194.0000,1743802,-62,6845280.0000,312.0000,125,187,空平,B,2194.0000,0.0000,7515,0
sc,rb1605,2016-03-07 21:03:29.000,2194.0000,1743434,-368,8381080.0000,382.0000,7,375,空平,B,2194.0000,0.0000,7737,0
sc,rb1605,2016-03-07 21:03:29.500,2194.0000,1743430,-4,702080.0000,32.0000,14,18,空平,B,2194.0000,0.0000,7979,0
sc,rb1605,2016-03-07 21:03:30.000,2194.0000,1743428,-2,482680.0000,22.0000,10,12,空平,B,2194.0000,0.0000,8107,0
sc,rb1605,2016-03-07 21:03:30.500,2194.0000,1743422,-6,1623560.0000,74.0000,34,40,空平,B,2194.0000,0.0000,8077,0
sc,rb1605,2016-03-07 21:03:31.000,2194.0000,1743400,-22,789840.0000,36.0000,7,29,空平,B,2194.0000,0.0000,8177,0
sc,rb1605,2016-03-07 21:03:31.500,2194.0000,1743372,-28,1930720.0000,88.0000,30,58,空平,B,2194.0000,0.0000,8207,0
sc,rb1605,2016-03-07 21:03:32.000,2194.0000,1743370,-2,2808320.0000,128.0000,63,65,空平,B,2194.0000,0.0000,8310,0
sc,rb1605,2016-03-07 21:03:32.500,2194.0000,1743370,0,438800.0000,20.0000,10,10,多换,B,2194.0000,0.0000,8410,0
sc,rb1605,2016-03-07 21:03:33.000,2194.0000,1743322,-48,1667440.0000,76.0000,14,62,空平,B,2194.0000,0.0000,9376,0
sc,rb1605,2016-03-07 21:03:33.500,2194.0000,1743314,-8,570440.0000,26.0000,9,17,空平,B,2194.0000,0.0000,9401,0
sc,rb1605,2016-03-07 21:03:34.000,2194.0000,1743312,-2,4782920.0000,218.0000,108,110,空平,B,2194.0000,0.0000,9325,0
sc,rb1605,2016-03-07 21:03:34.500,2194.0000,1743306,-6,1930720.0000,88.0000,41,47,空平,B,2194.0000,0.0000,8997,0
sc,rb1605,2016-03-07 21:03:35.000,2194.0000,1743300,-6,3685920.0000,168.0000,81,87,空平,B,2194.0000,0.0000,9068,0
sc,rb1605,2016-03-07 21:03:35.500,2194.0000,1743298,-2,482680.0000,22.0000,10,12,空平,B,2194.0000,0.0000,9355,0
sc,rb1605,2016-03-07 21:03:36.000,2194.0000,1743294,-4,614320.0000,28.0000,12,16,空平,B,2194.0000,0.0000,9351,0
sc,rb1605,2016-03-07 21:03:36.500,2194.0000,1743294,0,87760.0000,4.0000,2,2,多换,B,2194.0000,0.0000,9624,0
sc,rb1605,2016-03-07 21:03:37.000,2194.0000,1743292,-2,482680.0000,22.0000,10,12,空平,B,2194.0000,0.0000,9701,0
sc,rb1605,2016-03-07 21:03:37.500,2194.0000,1743292,0,702080.0000,32.0000,16,16,多换,B,2194.0000,0.0000,9699,0
sc,rb1605,2016-03-07 21:03:38.000,2194.0000,1743182,-110,2852200.0000,130.0000,10,120,空平,B,2194.0000,0.0000,9911,0
sc,rb1605,2016-03-07 21:03:38.500,2194.0000,1743182,0,3729800.0000,170.0000,85,85,多换,B,2194.0000,0.0000,9872,0
sc,rb1605,2016-03-07 21:03:39.000,2194.0000,1743182,0,526560.0000,24.0000,12,12,多换,B,2194.0000,0.0000,10160,0
sc,rb1605,2016-03-07 21:03:39.500,2194.0000,1743168,-14,1535800.0000,70.0000,28,42,空平,B,2194.0000,0.0000,10730,0
sc,rb1605,2016-03-07 21:03:40.000,2194.0000,1743140,-28,702080.0000,32.0000,2,30,空平,B,2194.0000,0.0000,11287,0
sc,rb1605,2016-03-07 21:03:40.500,2194.0000,1743030,-110,2632800.0000,120.0000,5,115,空平,B,2194.0000,0.0000,11287,0
sc,rb1605,2016-03-07 21:03:41.000,2194.0000,1743022,-8,219400.0000,10.0000,1,9,空平,B,2194.0000,0.0000,11459,0
sc,rb1605,2016-03-07 21:03:41.500,2194.0000,1743010,-12,263280.0000,12.0000,0,12,双平,B,2194.0000,0.0000,11470,0
sc,rb1605,2016-03-07 21:03:42.000,2194.0000,1743008,-2,526560.0000,24.0000,11,13,空平,B,2194.0000,0.0000,11518,0
sc,rb1605,2016-03-07 21:03:42.500,2194.0000,1743008,0,5485000.0000,250.0000,125,125,多换,B,2194.0000,0.0000,11429,0
sc,rb1605,2016-03-07 21:03:43.000,2194.0000,1743006,-2,175520.0000,8.0000,3,5,空平,B,2194.0000,0.0000,11482,0
sc,rb1605,2016-03-07 21:03:43.500,2194.0000,1742914,-92,2237880.0000,102.0000,5,97,空平,B,2194.0000,0.0000,11465,0
sc,rb1605,2016-03-07 21:03:44.000,2194.0000,1742884,-30,1097000.0000,50.0000,10,40,空平,B,2194.0000,0.0000,11514,0
sc,rb1605,2016-03-07 21:03:44.500,2194.0000,1742884,0,87760.0000,4.0000,2,2,多换,B,2194.0000,0.0000,11545,0
sc,rb1605,2016-03-07 21:03:45.000,2194.0000,1742872,-12,263280.0000,12.0000,0,12,双平,B,2194.0000,0.0000,11986,0
sc,rb1605,2016-03-07 21:03:45.500,2194.0000,1742850,-22,570440.0000,26.0000,2,24,空平,B,2194.0000,0.0000,11990,0
sc,rb1605,2016-03-07 21:03:46.000,2194.0000,1742848,-2,1009240.0000,46.0000,22,24,空平,B,2194.0000,0.0000,12032,0
sc,rb1605,2016-03-07 21:03:46.500,2194.0000,1742798,-50,1140880.0000,52.0000,1,51,空平,B,2194.0000,0.0000,12042,0
sc,rb1605,2016-03-07 21:03:47.000,2194.0000,1742798,0,965360.0000,44.0000,22,22,多换,B,2194.0000,0.0000,12693,0
sc,rb1605,2016-03-07 21:03:47.500,2194.0000,1742796,-2,1228640.0000,56.0000,27,29,空平,B,2194.0000,0.0000,12644,0
sc,rb1605,2016-03-07 21:03:48.000,2194.0000,1742796,0,43880.0000,2.0000,1,1,多换,B,2194.0000,0.0000,12848,0
sc,rb1605,2016-03-07 21:03:48.500,2194.0000,1742794,-2,526560.0000,24.0000,11,13,空平,B,2194.0000,0.0000,12944,0
sc,rb1605,2016-03-07 21:03:49.000,2194.0000,1742794,0,87760.0000,4.0000,2,2,多换,B,2194.0000,0.0000,12967,0
sc,rb1605,2016-03-07 21:03:49.500,2194.0000,1742778,-16,482680.0000,22.0000,3,19,空平,B,2194.0000,0.0000,13842,0
sc,rb1605,2016-03-07 21:03:50.000,2194.0000,1742778,0,482680.0000,22.0000,11,11,多换,B,2194.0000,0.0000,13848,0
sc,rb1605,2016-03-07 21:03:50.500,2194.0000,1742772,-6,175520.0000,8.0000,1,7,空平,B,2194.0000,0.0000,13850,0
sc,rb1605,2016-03-07 21:03:51.000,2194.0000,1742770,-2,219400.0000,10.0000,4,6,空平,B,2194.0000,0.0000,14007,0
sc,rb1605,2016-03-07 21:03:51.500,2194.0000,1742770,0,263280.0000,12.0000,6,6,多换,B,2194.0000,0.0000,14116,0
sc,rb1605,2016-03-07 21:03:52.000,2194.0000,1742708,-62,1623560.0000,74.0000,6,68,空平,B,2194.0000,0.0000,14294,0
sc,rb1605,2016-03-07 21:03:52.500,2194.0000,1742688,-20,658200.0000,30.0000,5,25,空平,B,2194.0000,0.0000,14537,0
sc,rb1605,2016-03-07 21:03:53.000,2194.0000,1742648,-40,1184760.0000,54.0000,7,47,空平,B,2194.0000,0.0000,14961,0
sc,rb1605,2016-03-07 21:03:53.500,2194.0000,1742648,0,0.0000,0.0000,0,0,多换,B,2194.0000,0.0000,15078,0
sc,rb1605,2016-03-07 21:03:54.000,2194.0000,1742648,0,438800.0000,20.0000,10,10,多换,B,2194.0000,0.0000,15110,0
sc,rb1605,2016-03-07 21:03:54.500,2194.0000,1742598,-50,1184760.0000,54.0000,2,52,空平,B,2194.0000,0.0000,15102,0
sc,rb1605,2016-03-07 21:03:55.000,2194.0000,1742598,0,9258680.0000,422.0000,211,211,多换,B,2194.0000,0.0000,14916,0
sc,rb1605,2016-03-07 21:03:55.500,2194.0000,1742596,-2,219400.0000,10.0000,4,6,空平,B,2194.0000,0.0000,14944,0
sc,rb1605,2016-03-07 21:03:56.000,2194.0000,1742366,-230,5090080.0000,232.0000,1,231,空平,B,2194.0000,0.0000,14960,0
sc,rb1605,2016-03-07 21:03:56.500,2194.0000,1742366,0,131640.0000,6.0000,3,3,多换,B,2194.0000,0.0000,15372,0
sc,rb1605,2016-03-07 21:03:57.000,2194.0000,1742358,-8,219400.0000,10.0000,1,9,空平,B,2194.0000,0.0000,15423,0
sc,rb1605,2016-03-07 21:03:57.500,2194.0000,1742358,0,175520.0000,8.0000,4,4,多换,B,2194.0000,0.0000,15456,0
sc,rb1605,2016-03-07 21:03:58.000,2194.0000,1742320,-38,5309480.0000,242.0000,102,140,空平,B,2194.0000,0.0000,15434,0
sc,rb1605,2016-03-07 21:03:58.500,2194.0000,1742240,-80,1930720.0000,88.0000,4,84,空平,B,2194.0000,0.0000,15671,0
sc,rb1605,2016-03-07 21:03:59.000,2194.0000,1742198,-42,1009240.0000,46.0000,2,44,空平,B,2194.0000,0.0000,15674,0
sc,rb1605,2016-03-07 21:03:59.500,2194.0000,1742196,-2,1974600.0000,90.0000,44,46,空平,B,2194.0000,0.0000,15807,0
sc,rb1605,2016-03-07 21:04:00.000,2194.0000,1742194,-2,394920.0000,18.0000,8,10,空平,B,2194.0000,0.0000,15725,0
sc,rb1605,2016-03-07 21:04:00.500,2194.0000,1742194,0,87760.0000,4.0000,2,2,多换,B,2194.0000,0.0000,16180,0
sc,rb1605,2016-03-07 21:04:01.000,2194.0000,1742194,0,1228640.0000,56.0000,28,28,多换,B,2194.0000,0.0000,16160,0
sc,rb1605,2016-03-07 21:04:01.500,2194.0000,1742188,-6,175520.0000,8.0000,1,7,空平,B,2194.0000,0.0000,16196,0
sc,rb1605,2016-03-07 21:04:02.000,2194.0000,1742188,0,570440.0000,26.0000,13,13,多换,B,2194.0000,0.0000,16288,0
sc,rb1605,2016-03-07 21:04:02.500,2194.0000,1742188,0,131640.0000,6.0000,3,3,多换,B,2194.0000,0.0000,16309,0
sc,rb1605,2016-03-07 21:04:03.000,2194.0000,1742172,-16,965360.0000,44.0000,14,30,空平,B,2194.0000,0.0000,16659,0
sc,rb1605,2016-03-07 21:04:03.500,2194.0000,1742168,-4,219400.0000,10.0000,3,7,空平,B,2194.0000,0.0000,16781,0
sc,rb1605,2016-03-07 21:04:04.000,2194.0000,1742168,0,0.0000,0.0000,0,0,多换,B,2194.0000,0.0000,16819,0
sc,rb1605,2016-03-07 21:04:04.500,2194.0000,1742162,-6,745960.0000,34.0000,14,20,空平,B,2194.0000,0.0000,16883,0
sc,rb1605,2016-03-07 21:04:05.000,2194.0000,1742160,-2,43880.0000,2.0000,0,2,双平,B,2194.0000,0.0000,17456,0
sc,rb1605,2016-03-07 21:04:05.500,2194.0000,1742160,0,131640.0000,6.0000,3,3,多换,B,2194.0000,0.0000,17533,0
sc,rb1605,2016-03-07 21:04:06.000,2194.0000,1742160,0,570440.0000,26.0000,13,13,多换,B,2194.0000,0.0000,17541,0
sc,rb1605,2016-03-07 21:04:06.500,2194.0000,1742160,0,43880.0000,2.0000,1,1,多换,B,2194.0000,0.0000,17735,0
sc,rb1605,2016-03-07 21:04:07.000,2194.0000,1742160,0,2632800.0000,120.0000,60,60,多换,B,2194.0000,0.0000,17736,0
sc,rb1605,2016-03-07 21:04:07.500,2194.0000,1742160,0,43880.0000,2.0000,1,1,多换,B,2194.0000,0.0000,17751,0
sc,rb1605,2016-03-07 21:04:08.000,2194.0000,1742120,-40,877600.0000,40.0000,0,40,双平,B,2194.0000,0.0000,17728,0
sc,rb1605,2016-03-07 21:04:08.500,2194.0000,1742116,-4,87760.0000,4.0000,0,4,双平,B,2194.0000,0.0000,17740,0
sc,rb1605,2016-03-07 21:04:09.000,2194.0000,1742116,0,351040.0000,16.0000,8,8,多换,B,2194.0000,0.0000,18282,0
sc,rb1605,2016-03-07 21:04:09.500,2194.0000,1742106,-10,394920.0000,18.0000,4,14,空平,B,2194.0000,0.0000,18314,0
sc,rb1605,2016-03-07 21:04:10.000,2194.0000,1742104,-2,87760.0000,4.0000,1,3,空平,B,2194.0000,0.0000,18474,0
sc,rb1605,2016-03-07 21:04:10.500,2194.0000,1742100,-4,219400.0000,10.0000,3,7,空平,B,2194.0000,0.0000,18610,0
sc,rb1605,2016-03-07 21:04:11.000,2194.0000,1742100,0,6889160.0000,314.0000,157,157,多换,B,2194.0000,0.0000,18653,0
sc,rb1605,2016-03-07 21:04:11.500,2194.0000,1742096,-4,175520.0000,8.0000,2,6,空平,B,2194.0000,0.0000,18683,0
sc,rb1605,2016-03-07 21:04:12.000,2194.0000,1742036,-60,10136280.0000,462.0000,201,261,空平,B,2194.0000,0.0000,18002,0
sc,rb1605,2016-03-07 21:04:12.500,2194.0000,1742036,0,175520.0000,8.0000,4,4,多换,B,2194.0000,0.0000,18435,0
sc,rb1605,2016-03-07 21:04:13.000,2194.0000,1742028,-8,307160.0000,14.0000,3,11,空平,B,2194.0000,0.0000,18684,0
sc,rb1605,2016-03-07 21:04:13.500,2194.0000,1742028,0,0.0000,0.0000,0,0,多换,B,2194.0000,0.0000,18699,0
sc,rb1605,2016-03-07 21:04:14.000,2194.0000,1741978,-50,2062360.0000,94.0000,22,72,空平,B,2194.0000,0.0000,18705,0
sc,rb1605,2016-03-07 21:04:14.500,2194.0000,1741978,0,438800.0000,20.0000,10,10,多换,B,2194.0000,0.0000,18735,0
sc,rb1605,2016-03-07 21:04:15.000,2194.0000,1741978,0,175520.0000,8.0000,4,4,多换,B,2194.0000,0.0000,19055,0
sc,rb1605,2016-03-07 21:04:15.500,2194.0000,1741978,0,0.0000,0.0000,0,0,多换,B,2194.0000,0.0000,19134,0
sc,rb1605,2016-03-07 21:04:16.000,2194.0000,1741966,-12,307160.0000,14.0000,1,13,空平,B,2194.0000,0.0000,19134,0
sc,rb1605,2016-03-07 21:04:16.500,2194.0000,1741964,-2,1360280.0000,62.0000,30,32,空平,B,2194.0000,0.0000,19114,0
sc,rb1605,2016-03-07 21:04:17.000,2194.0000,1741944,-20,526560.0000,24.0000,2,22,空平,B,2194.0000,0.0000,19268,0
sc,rb1605,2016-03-07 21:04:17.500,2194.0000,1741944,0,87760.0000,4.0000,2,2,多换,B,2194.0000,0.0000,19351,0
sc,rb1605,2016-03-07 21:04:18.000,2194.0000,1741942,-2,307160.0000,14.0000,6,8,空平,B,2194.0000,0.0000,19484,0
sc,rb1605,2016-03-07 21:04:18.500,2194.0000,1741942,0,438800.0000,20.0000,10,10,多换,B,2194.0000,0.0000,19487,0
sc,rb1605,2016-03-07 21:04:19.000,2194.0000,1741940,-2,351040.0000,16.0000,7,9,空平,B,2194.0000,0.0000,19513,0
sc,rb1605,2016-03-07 21:04:19.500,2194.0000,1741940,0,131640.0000,6.0000,3,3,多换,B,2194.0000,0.0000,19949,0
sc,rb1605,2016-03-07 21:04:20.000,2194.0000,1741874,-66,1535800.0000,70.0000,2,68,空平,B,2194.0000,0.0000,19924,0
sc,rb1605,2016-03-07 21:04:20.500,2194.0000,1741874,0,87760.0000,4.0000,2,2,多换,B,2194.0000,0.0000,19982,0
sc,rb1605,2016-03-07 21:04:21.000,2194.0000,1741874,0,0.0000,0.0000,0,0,多换,B,2194.0000,0.0000,20402,0
sc,rb1605,2016-03-07 21:04:21.500,2194.0000,1741868,-6,219400.0000,10.0000,2,8,空平,B,2194.0000,0.0000,20435,0
sc,rb1605,2016-03-07 21:04:22.000,2194.0000,1741868,0,0.0000,0.0000,0,0,多换,B,2194.0000,0.0000,20491,0
sc,rb1605,2016-03-07 21:04:22.500,2194.0000,1741828,-40,1097000.0000,50.0000,5,45,空平,B,2194.0000,0.0000,20414,0
sc,rb1605,2016-03-07 21:04:23.000,2194.0000,1741828,0,43880.0000,2.0000,1,1,多换,B,2194.0000,0.0000,20481,0
sc,rb1605,2016-03-07 21:04:23.500,2194.0000,1741828,0,263280.0000,12.0000,6,6,多换,B,2194.0000,0.0000,20526,0
sc,rb1605,2016-03-07 21:04:24.000,2194.0000,1741828,0,43880.0000,2.0000,1,1,多换,B,2194.0000,0.0000,20578,0
sc,rb1605,2016-03-07 21:04:24.500,2194.0000,1741828,0,0.0000,0.0000,0,0,多换,B,2194.0000,0.0000,21080,0
sc,rb1605,2016-03-07 21:04:25.000,2194.0000,1741820,-8,175520.0000,8.0000,0,8,双平,B,2194.0000,0.0000,21295,0
sc,rb1605,2016-03-07 21:04:25.500,2194.0000,1741720,-100,2281760.0000,104.0000,2,102,空平,B,2194.0000,0.0000,21344,0
sc,rb1605,2016-03-07 21:04:26.000,2194.0000,1741720,0,219400.0000,10.0000,5,5,多换,B,2194.0000,0.0000,21350,0
sc,rb1605,2016-03-07 21:04:26.500,2194.0000,1741718,-2,87760.0000,4.0000,1,3,空平,B,2194.0000,0.0000,21368,0
sc,rb1605,2016-03-07 21:04:27.000,2194.0000,1741718,0,438800.0000,20.0000,10,10,多换,B,2194.0000,0.0000,21375,0
sc,rb1605,2016-03-07 21:04:27.500,2194.0000,1741706,-12,570440.0000,26.0000,7,19,空平,B,2194.0000,0.0000,21372,0
sc,rb1605,2016-03-07 21:04:28.000,2194.0000,1741706,0,965360.0000,44.0000,22,22,多换,B,2194.0000,0.0000,21870,0
sc,rb1605,2016-03-07 21:04:28.500,2194.0000,1741706,0,263280.0000,12.0000,6,6,多换,B,2194.0000,0.0000,21920,0
sc,rb1605,2016-03-07 21:04:29.000,2194.0000,1741706,0,131640.0000,6.0000,3,3,多换,B,2194.0000,0.0000,22725,0
sc,rb1605,2016-03-07 21:04:29.500,2194.0000,1741704,-2,131640.0000,6.0000,2,4,空平,B,2194.0000,0.0000,22744,0
sc,rb1605,2016-03-07 21:04:30.000,2194.0000,1741702,-2,175520.0000,8.0000,3,5,空平,B,2194.0000,0.0000,23061,0
sc,rb1605,2016-03-07 21:04:30.500,2194.0000,1741662,-40,965360.0000,44.0000,2,42,空平,B,2194.0000,0.0000,23296,0
sc,rb1605,2016-03-07 21:04:31.000,2194.0000,1741662,0,219400.0000,10.0000,5,5,多换,B,2194.0000,0.0000,23363,0
sc,rb1605,2016-03-07 21:04:31.500,2194.0000,1741662,0,87760.0000,4.0000,2,2,多换,B,2194.0000,0.0000,23323,0
sc,rb1605,2016-03-07 21:04:32.000,2194.0000,1741662,0,43880.0000,2.0000,1,1,多换,B,2194.0000,0.0000,23443,0
sc,rb1605,2016-03-07 21:04:32.500,2194.0000,1741622,-40,877600.0000,40.0000,0,40,双平,B,2194.0000,0.0000,23426,0
sc,rb1605,2016-03-07 21:04:33.000,2194.0000,1741582,-40,9346440.0000,426.0000,193,233,空平,B,2194.0000,0.0000,23537,0
sc,rb1605,2016-03-07 21:04:33.500,2194.0000,1741582,0,0.0000,0.0000,0,0,多换,B,2194.0000,0.0000,23613,0
sc,rb1605,2016-03-07 21:04:34.000,2194.0000,1741538,-44,965360.0000,44.0000,0,44,双平,B,2194.0000,0.0000,24183,0
sc,rb1605,2016-03-07 21:04:34.500,2194.0000,1741538,0,43880.0000,2.0000,1,1,多换,B,2194.0000,0.0000,24698,0
sc,rb1605,2016-03-07 21:04:35.000,2194.0000,1741466,-72,1623560.0000,74.0000,1,73,空平,B,2194.0000,0.0000,24663,0
sc,rb1605,2016-03-07 21:04:35.500,2194.0000,1741428,-38,877600.0000,40.0000,1,39,空平,B,2194.0000,0.0000,24693,0
sc,rb1605,2016-03-07 21:04:36.000,2194.0000,1741424,-4,87760.0000,4.0000,0,4,双平,B,2194.0000,0.0000,24772,0
sc,rb1605,2016-03-07 21:04:36.500,2194.0000,1741424,0,0.0000,0.0000,0,0,多换,B,2194.0000,0.0000,24777,0
sc,rb1605,2016-03-07 21:04:37.000,2194.0000,1741422,-2,131640.0000,6.0000,2,4,空平,B,2194.0000,0.0000,24957,0
sc,rb1605,2016-03-07 21:04:37.500,2194.0000,1741422,0,43880.0000,2.0000,1,1,多换,B,2194.0000,0.0000,25025,0
sc,rb1605,2016-03-07 21:04:38.000,2194.0000,1741422,0,219400.0000,10.0000,5,5,多换,B,2194.0000,0.0000,25542,0
sc,rb1605,2016-03-07 21:04:38.500,2194.0000,1741382,-40,22905360.0000,1044.0000,502,542,空平,B,2194.0000,0.0000,25533,0
sc,rb1605,2016-03-07 21:04:39.000,2194.0000,1740902,-480,10706720.0000,488.0000,4,484,空平,B,2194.0000,0.0000,25292,0
sc,rb1605,2016-03-07 21:04:39.500,2194.0000,1740900,-2,438800.0000,20.0000,9,11,空平,B,2194.0000,0.0000,25313,0
sc,rb1605,2016-03-07 21:04:40.000,2194.0000,1740900,0,43880.0000,2.0000,1,1,多换,B,2194.0000,0.0000,25420,0
sc,rb1605,2016-03-07 21:04:40.500,2194.0000,1740880,-20,1930720.0000,88.0000,34,54,空平,B,2194.0000,0.0000,25387,0
sc,rb1605,2016-03-07 21:04:41.000,2194.0000,1740812,-68,1535800.0000,70.0000,1,69,空平,B,2194.0000,0.0000,25420,0
sc,rb1605,2016-03-07 21:04:41.500,2194.0000,1740812,0,351040.0000,16.0000,8,8,多换,B,2194.0000,0.0000,25802,0
sc,rb1605,2016-03-07 21:04:42.000,2194.0000,1740812,0,87760.0000,4.0000,2,2,多换,B,2194.0000,0.0000,26331,0
sc,rb1605,2016-03-07 21:04:42.500,2194.0000,1740810,-2,1404160.0000,64.0000,31,33,空平,B,2194.0000,0.0000,26324,0
sc,rb1605,2016-03-07 21:04:43.000,2194.0000,1740806,-4,570440.0000,26.0000,11,15,空平,B,2194.0000,0.0000,26327,0
sc,rb1605,2016-03-07 21:04:43.500,2194.0000,1740806,0,43880.0000,2.0000,1,1,多换,B,2194.0000,0.0000,26331,0
sc,rb1605,2016-03-07 21:04:44.000,2194.0000,1740800,-6,351040.0000,16.0000,5,11,空平,B,2194.0000,0.0000,26635,0
sc,rb1605,2016-03-07 21:04:44.500,2194.0000,1740700,-100,2632800.0000,120.0000,10,110,空平,B,2194.0000,0.0000,26700,0
sc,rb1605,2016-03-07 21:04:45.000,2194.0000,1740700,0,1579680.0000,72.0000,36,36,多换,B,2194.0000,0.0000,26914,0
sc,rb1605,2016-03-07 21:04:45.500,2194.0000,1740700,0,0.0000,0.0000,0,0,多换,B,2194.0000,0.0000,27073,0
sc,rb1605,2016-03-07 21:04:46.000,2194.0000,1740700,0,131640.0000,6.0000,3,3,多换,B,2194.0000,0.0000,27075,0
sc,rb1605,2016-03-07 21:04:46.500,2194.0000,1740700,0,175520.0000,8.0000,4,4,多换,B,2194.0000,0.0000,27040,0
sc,rb1605,2016-03-07 21:04:47.000,2194.0000,1740660,-40,877600.0000,40.0000,0,40,双平,B,2194.0000,0.0000,27059,0
sc,rb1605,2016-03-07 21:04:47.500,2194.0000,1740660,0,14831440.0000,676.0000,338,338,多换,B,2194.0000,0.0000,26874,0
sc,rb1605,2016-03-07 21:04:48.000,2194.0000,1740660,0,87760.0000,4.0000,2,2,多换,B,2194.0000,0.0000,26884,0
sc,rb1605,2016-03-07 21:04:48.500,2194.0000,1740660,0,482680.0000,22.0000,11,11,多换,B,2194.0000,0.0000,26866,0
sc,rb1605,2016-03-07 21:04:49.000,2194.0000,1740660,0,131640.0000,6.0000,3,3,多换,B,2194.0000,0.0000,26848,0
sc,rb1605,2016-03-07 21:04:49.500,2194.0000,1740660,0,22115520.0000,1008.0000,504,504,多换,B,2194.0000,0.0000,26389,0
sc,rb1605,2016-03-07 21:04:50.000,2194.0000,1740660,0,43880.0000,2.0000,1,1,多换,B,2194.0000,0.0000,26415,0
sc,rb1605,2016-03-07 21:04:50.500,2194.0000,1740660,0,0.0000,0.0000,0,0,多换,B,2194.0000,0.0000,26442,0
sc,rb1605,2016-03-07 21:04:51.000,2194.0000,1740660,0,1097000.0000,50.0000,25,25,多换,B,2194.0000,0.0000,26433,0
sc,rb1605,2016-03-07 21:04:51.500,2194.0000,1740660,0,0.0000,0.0000,0,0,多换,B,2194.0000,0.0000,26501,0
sc,rb1605,2016-03-07 21:04:52.000,2194.0000,1740660,0,965360.0000,44.0000,22,22,多换,B,2194.0000,0.0000,26492,0
sc,rb1605,2016-03-07 21:04:52.500,2194.0000,1740660,0,921480.0000,42.0000,21,21,多换,B,2194.0000,0.0000,26141,0
sc,rb1605,2016-03-07 21:04:53.000,2194.0000,1740660,0,0.0000,0.0000,0,0,多换,B,2194.0000,0.0000,25140,0
sc,rb1605,2016-03-07 21:04:53.500,2194.0000,1740656,-4,22027760.0000,1004.0000,500,504,空平,B,2194.0000,0.0000,24581,0
sc,rb1605,2016-03-07 21:04:54.000,2194.0000,1740656,0,438800.0000,20.0000,10,10,多换,B,2194.0000,0.0000,24588,0
sc,rb1605,2016-03-07 21:04:54.500,2194.0000,1740656,0,87760.0000,4.0000,2,2,多换,B,2194.0000,0.0000,24448,0
sc,rb1605,2016-03-07 21:04:55.000,2194.0000,1740634,-22,526560.0000,24.0000,1,23,空平,B,2194.0000,0.0000,24447,0
sc,rb1605,2016-03-07 21:04:55.500,2194.0000,1740620,-14,658200.0000,30.0000,8,22,空平,B,2194.0000,0.0000,24449,0
sc,rb1605,2016-03-07 21:04:56.000,2194.0000,1740620,0,87760.0000,4.0000,2,2,多换,B,2194.0000,0.0000,24477,0
sc,rb1605,2016-03-07 21:04:56.500,2194.0000,1740620,0,482680.0000,22.0000,11,11,多换,B,2194.0000,0.0000,24494,0
sc,rb1605,2016-03-07 21:04:57.000,2194.0000,1740620,0,175520.0000,8.0000,4,4,多换,B,2194.0000,0.0000,24490,0
sc,rb1605,2016-03-07 21:04:57.500,2194.0000,1740600,-20,526560.0000,24.0000,2,22,空平,B,2194.0000,0.0000,24481,0
sc,rb1605,2016-03-07 21:04:58.000,2194.0000,1740596,-4,7284080.0000,332.0000,164,168,空平,B,2194.0000,0.0000,24295,0
sc,rb1605,2016-03-07 21:04:58.500,2194.0000,1740594,-2,263280.0000,12.0000,5,7,空平,B,2194.0000,0.0000,24342,0
sc,rb1605,2016-03-07 21:04:59.000,2194.0000,1740564,-30,833720.0000,38.0000,4,34,空平,B,2194.0000,0.0000,24345,0
sc,rb1605,2016-03-07 21:04:59.500,2194.0000,1740564,0,43880.0000,2.0000,1,1,多换,B,2194.0000,0.0000,24260,0
sc,rb1605,2016-03-07 21:05:00.000,2194.0000,1740558,-6,614320.0000,28.0000,11,17,空平,B,2194.0000,0.0000,24454,0
sc,rb1605,2016-03-07 21:05:00.500,2194.0000,1739922,-636,15796800.0000,720.0000,42,678,空平,B,2194.0000,0.0000,24310,0
sc,rb1605,2016-03-07 21:05:01.000,2194.0000,1739666,-256,5616640.0000,256.0000,0,256,双平,B,2194.0000,0.0000,24201,0
sc,rb1605,2016-03-07 21:05:01.500,2194.0000,1739632,-34,833720.0000,38.0000,2,36,空平,B,2194.0000,0.0000,24181,0
sc,rb1605,2016-03-07 21:05:02.000,2194.0000,1739632,0,526560.0000,24.0000,12,12,多换,B,2194.0000,0.0000,24172,0
sc,rb1605,2016-03-07 21:05:02.500,2194.0000,1739632,0,219400.0000,10.0000,5,5,多换,B,2194.0000,0.0000,24170,0
sc,rb1605,2016-03-07 21:05:03.000,2194.0000,1739628,-4,394920.0000,18.0000,7,11,空平,B,2194.0000,0.0000,24210,0
sc,rb1605,2016-03-07 21:05:03.500,2194.0000,1739626,-2,394920.0000,18.0000,8,10,空平,B,2194.0000,0.0000,24274,0
sc,rb1605,2016-03-07 21:05:04.000,2194.0000,1739624,-2,175520.0000,8.0000,3,5,空平,B,2194.0000,0.0000,24220,0
sc,rb1605,2016-03-07 21:05:04.500,2194.0000,1739624,0,307160.0000,14.0000,7,7,多换,B,2194.0000,0.0000,24499,0
sc,rb1605,2016-03-07 21:05:05.000,2194.0000,1739624,0,0.0000,0.0000,0,0,多换,B,2194.0000,0.0000,24511,0
sc,rb1605,2016-03-07 21:05:05.500,2194.0000,1739624,0,307160.0000,14.0000,7,7,多换,B,2194.0000,0.0000,24524,0
sc,rb1605,2016-03-07 21:05:06.000,2194.0000,1739614,-10,307160.0000,14.0000,2,12,空平,B,2194.0000,0.0000,24528,0
sc,rb1605,2016-03-07 21:05:06.500,2194.0000,1739614,0,877600.0000,40.0000,20,20,多换,B,2194.0000,0.0000,24550,0
sc,rb1605,2016-03-07 21:05:07.000,2194.0000,1739612,-2,1711320.0000,78.0000,38,40,空平,B,2194.0000,0.0000,24538,0
sc,rb1605,2016-03-07 21:05:07.500,2194.0000,1739612,0,131640.0000,6.0000,3,3,多换,B,2194.0000,0.0000,24972,0
sc,rb1605,2016-03-07 21:05:08.000,2194.0000,1739612,0,0.0000,0.0000,0,0,多换,B,2194.0000,0.0000,25137,0
sc,rb1605,2016-03-07 21:05:08.500,2194.0000,1739608,-4,219400.0000,10.0000,3,7,空平,B,2194.0000,0.0000,25144,0
sc,rb1605,2016-03-07 21:05:09.000,2194.0000,1739602,-6,307160.0000,14.0000,4,10,空平,B,2194.0000,0.0000,25139,0
sc,rb1605,2016-03-07 21:05:09.500,2194.0000,1739602,0,131640.0000,6.0000,3,3,多换,B,2194.0000,0.0000,25140,0
sc,rb1605,2016-03-07 21:05:10.000,2194.0000,1739600,-2,43880.0000,2.0000,0,2,双平,B,2194.0000,0.0000,25138,0
sc,rb1605,2016-03-07 21:05:10.500,2194.0000,1739600,0,43880.0000,2.0000,1,1,多换,B,2194.0000,0.0000,25328,0
sc,rb1605,2016-03-07 21:05:11.000,2194.0000,1739498,-102,2281760.0000,104.0000,1,103,空平,B,2194.0000,0.0000,25313,0
sc,rb1605,2016-03-07 21:05:11.500,2194.0000,1739438,-60,1404160.0000,64.0000,2,62,空平,B,2194.0000,0.0000,25345,0
sc,rb1605,2016-03-07 21:05:12.000,2194.0000,1739438,0,526560.0000,24.0000,12,12,多换,B,2194.0000,0.0000,25334,0
sc,rb1605,2016-03-07 21:05:12.500,2194.0000,1739436,-2,658200.0000,30.0000,14,16,空平,B,2194.0000,0.0000,25329,0
sc,rb1605,2016-03-07 21:05:13.000,2194.0000,1739434,-2,921480.0000,42.0000,20,22,空平,B,2194.0000,0.0000,25310,0
sc,rb1605,2016-03-07 21:05:13.500,2194.0000,1739434,0,0.0000,0.0000,0,0,多换,B,2194.0000,0.0000,25329,0
sc,rb1605,2016-03-07 21:05:14.000,2194.0000,1739432,-2,87760.0000,4.0000,1,3,空平,B,2194.0000,0.0000,25327,0
sc,rb1605,2016-03-07 21:05:14.500,2194.0000,1739426,-6,4695160.0000,214.0000,104,110,空平,B,2194.0000,0.0000,25223,0
sc,rb1605,2016-03-07 21:05:15.000,2194.0000,1739420,-6,131640.0000,6.0000,0,6,双平,B,2194.0000,0.0000,25217,0
sc,rb1605,2016-03-07 21:05:15.500,2194.0000,1739414,-6,131640.0000,6.0000,0,6,双平,B,2194.0000,0.0000,25226,0
sc,rb1605,2016-03-07 21:05:16.000,2194.0000,1739308,-106,2325640.0000,106.0000,0,106,双平,B,2194.0000,0.0000,25768,0
sc,rb1605,2016-03-07 21:05:16.500,2194.0000,1739308,0,43880.0000,2.0000,1,1,多换,B,2194.0000,0.0000,26138,0
sc,rb1605,2016-03-07 21:05:17.000,2194.0000,1739308,0,263280.0000,12.0000,6,6,多换,B,2194.0000,0.0000,27374,0
sc,rb1605,2016-03-07 21:05:17.500,2194.0000,1739308,0,219400.0000,10.0000,5,5,多换,B,2194.0000,0.0000,27378,0
sc,rb1605,2016-03-07 21:05:18.000,2194.0000,1739308,0,87760.0000,4.0000,2,2,多换,B,2194.0000,0.0000,27746,0
sc,rb1605,2016-03-07 21:05:18.500,2194.0000,1739306,-2,263280.0000,12.0000,5,7,空平,B,2194.0000,0.0000,27867,0
sc,rb1605,2016-03-07 21:05:19.000,2194.0000,1739306,0,0.0000,0.0000,0,0,多换,B,2194.0000,0.0000,27910,0
sc,rb1605,2016-03-07 21:05:19.500,2194.0000,1739302,-4,438800.0000,20.0000,8,12,空平,B,2194.0000,0.0000,27923,0
sc,rb1605,2016-03-07 21:05:20.000,2194.0000,1739302,0,0.0000,0.0000,0,0,多换,B,2194.0000,0.0000,27921,0
sc,rb1605,2016-03-07 21:05:20.500,2194.0000,1739302,0,43880.0000,2.0000,1,1,多换,B,2194.0000,0.0000,28377,0
sc,rb1605,2016-03-07 21:05:21.000,2194.0000,1739300,-2,87760.0000,4.0000,1,3,空平,B,2194.0000,0.0000,28382,0
sc,rb1605,2016-03-07 21:05:21.500,2194.0000,1739300,0,0.0000,0.0000,0,0,多换,B,2194.0000,0.0000,28415,0
sc,rb1605,2016-03-07 21:05:22.000,2194.0000,1739300,0,0.0000,0.0000,0,0,多换,B,2194.0000,0.0000,28501,0
sc,rb1605,2016-03-07 21:05:22.500,2194.0000,1739300,0,0.0000,0.0000,0,0,多换,B,2194.0000,0.0000,28509,0
sc,rb1605,2016-03-07 21:05:23.000,2194.0000,1739300,0,175520.0000,8.0000,4,4,多换,B,2194.0000,0.0000,28521,0
sc,rb1605,2016-03-07 21:05:23.500,2194.0000,1739200,-100,2237880.0000,102.0000,1,101,空平,B,2194.0000,0.0000,28198,0
sc,rb1605,2016-03-07 21:05:24.000,2194.0000,1739200,0,43880.0000,2.0000,1,1,多换,B,2194.0000,0.0000,28222,0
sc,rb1605,2016-03-07 21:05:24.500,2194.0000,1739198,-2,87760.0000,4.0000,1,3,空平,B,2194.0000,0.0000,28229,0
sc,rb1605,2016-03-07 21:05:25.000,2194.0000,1739198,0,0.0000,0.0000,0,0,多换,B,2194.0000,0.0000,28260,0
sc,rb1605,2016-03-07 21:05:25.500,2194.0000,1739198,0,43880.0000,2.0000,1,1,多换,B,2194.0000,0.0000,28272,0
sc,rb1605,2016-03-07 21:05:26.000,2194.0000,1739174,-24,570440.0000,26.0000,1,25,空平,B,2194.0000,0.0000,28263,0
sc,rb1605,2016-03-07 21:05:26.500,2194.0000,1739174,0,0.0000,0.0000,0,0,多换,B,2194.0000,0.0000,28275,0
sc,rb1605,2016-03-07 21:05:27.000,2194.0000,1739174,0,0.0000,0.0000,0,0,多换,B,2194.0000,0.0000,28293,0
sc,rb1605,2016-03-07 21:05:27.500,2194.0000,1739166,-8,175520.0000,8.0000,0,8,双平,B,2194.0000,0.0000,28300,0
sc,rb1605,2016-03-07 21:05:28.000,2194.0000,1739166,0,4519640.0000,206.0000,103,103,多换,B,2194.0000,0.0000,28292,0
sc,rb1605,2016-03-07 21:05:28.500,2194.0000,1739166,0,0.0000,0.0000,0,0,多换,B,2194.0000,0.0000,28300,0
sc,rb1605,2016-03-07 21:05:29.000,2194.0000,1739164,-2,3159360.0000,144.0000,71,73,空平,B,2194.0000,0.0000,28221,0
sc,rb1605,2016-03-07 21:05:29.500,2194.0000,1739164,0,263280.0000,12.0000,6,6,多换,B,2194.0000,0.0000,28224,0
sc,rb1605,2016-03-07 21:05:30.000,2194.0000,1739152,-12,263280.0000,12.0000,0,12,双平,B,2194.0000,0.0000,28235,0
sc,rb1605,2016-03-07 21:05:30.500,2194.0000,1739152,0,263280.0000,12.0000,6,6,多换,B,2194.0000,0.0000,28260,0
sc,rb1605,2016-03-07 21:05:31.000,2194.0000,1739152,0,43880.0000,2.0000,1,1,多换,B,2194.0000,0.0000,28289,0
sc,rb1605,2016-03-07 21:05:31.500,2194.0000,1739142,-10,219400.0000,10.0000,0,10,双平,B,2194.0000,0.0000,28302,0
sc,rb1605,2016-03-07 21:05:32.000,2194.0000,1739138,-4,307160.0000,14.0000,5,9,空平,B,2194.0000,0.0000,28283,0
sc,rb1605,2016-03-07 21:05:32.500,2194.0000,1739138,0,0.0000,0.0000,0,0,多换,B,2194.0000,0.0000,28328,0
sc,rb1605,2016-03-07 21:05:33.000,2194.0000,1739138,0,131640.0000,6.0000,3,3,多换,B,2194.0000,0.0000,28579,0
sc,rb1605,2016-03-07 21:05:33.500,2194.0000,1739136,-2,43880.0000,2.0000,0,2,双平,B,2194.0000,0.0000,28521,0
sc,rb1605,2016-03-07 21:05:34.000,2194.0000,1739136,0,219400.0000,10.0000,5,5,多换,B,2194.0000,0.0000,28648,0
sc,rb1605,2016-03-07 21:05:34.500,2194.0000,1739130,-6,131640.0000,6.0000,0,6,双平,B,2194.0000,0.0000,28668,0
sc,rb1605,2016-03-07 21:05:35.000,2194.0000,1739130,0,394920.0000,18.0000,9,9,多换,B,2194.0000,0.0000,28665,0
sc,rb1605,2016-03-07 21:05:35.500,2194.0000,1739130,0,0.0000,0.0000,0,0,多换,B,2194.0000,0.0000,28676,0
sc,rb1605,2016-03-07 21:05:36.000,2194.0000,1739120,-10,219400.0000,10.0000,0,10,双平,B,2194.0000,0.0000,28688,0
sc,rb1605,2016-03-07 21:05:36.500,2194.0000,1739120,0,0.0000,0.0000,0,0,多换,B,2194.0000,0.0000,28696,0
sc,rb1605,2016-03-07 21:05:37.000,2194.0000,1739118,-2,43880.0000,2.0000,0,2,双平,B,2194.0000,0.0000,28697,0
sc,rb1605,2016-03-07 21:05:37.500,2194.0000,1739118,0,482680.0000,22.0000,11,11,多换,B,2194.0000,0.0000,28691,0
sc,rb1605,2016-03-07 21:05:38.000,2194.0000,1739116,-2,351040.0000,16.0000,7,9,空平,B,2194.0000,0.0000,28688,0
sc,rb1605,2016-03-07 21:05:38.500,2194.0000,1739116,0,21983880.0000,1002.0000,501,501,多换,B,2194.0000,0.0000,28042,0
sc,rb1605,2016-03-07 21:05:39.000,2194.0000,1739116,0,0.0000,0.0000,0,0,多换,B,2194.0000,0.0000,28061,0
sc,rb1605,2016-03-07 21:05:39.500,2194.0000,1739116,0,43880.0000,2.0000,1,1,多换,B,2194.0000,0.0000,28073,0
sc,rb1605,2016-03-07 21:05:40.000,2194.0000,1739116,0,43880.0000,2.0000,1,1,多换,B,2194.0000,0.0000,28172,0
sc,rb1605,2016-03-07 21:05:40.500,2194.0000,1739116,0,175520.0000,8.0000,4,4,多换,B,2194.0000,0.0000,28178,0
sc,rb1605,2016-03-07 21:05:41.000,2194.0000,1739106,-10,219400.0000,10.0000,0,10,双平,B,2194.0000,0.0000,28176,0
sc,rb1605,2016-03-07 21:05:41.500,2194.0000,1739104,-2,43880.0000,2.0000,0,2,双平,B,2194.0000,0.0000,28424,0
sc,rb1605,2016-03-07 21:05:42.000,2194.0000,1739104,0,789840.0000,36.0000,18,18,多换,B,2194.0000,0.0000,28462,0
sc,rb1605,2016-03-07 21:05:42.500,2194.0000,1739104,0,43880.0000,2.0000,1,1,多换,B,2194.0000,0.0000,28607,0
sc,rb1605,2016-03-07 21:05:43.000,2194.0000,1739104,0,5265600.0000,240.0000,120,120,多换,B,2194.0000,0.0000,28544,0
sc,rb1605,2016-03-07 21:05:43.500,2194.0000,1739104,0,0.0000,0.0000,0,0,多换,B,2194.0000,0.0000,28557,0
sc,rb1605,2016-03-07 21:05:44.000,2194.0000,1739104,0,87760.0000,4.0000,2,2,多换,B,2194.0000,0.0000,28573,0
sc,rb1605,2016-03-07 21:05:44.500,2194.0000,1739104,0,0.0000,0.0000,0,0,多换,B,2194.0000,0.0000,28577,0
sc,rb1605,2016-03-07 21:05:45.000,2194.0000,1739094,-10,1404160.0000,64.0000,27,37,空平,B,2194.0000,0.0000,28551,0
sc,rb1605,2016-03-07 21:05:45.500,2194.0000,1739094,0,43880.0000,2.0000,1,1,多换,B,2194.0000,0.0000,28555,0
sc,rb1605,2016-03-07 21:05:46.000,2194.0000,1739054,-40,1053120.0000,48.0000,4,44,空平,B,2194.0000,0.0000,30047,0
sc,rb1605,2016-03-07 21:05:46.500,2194.0000,1739054,0,131640.0000,6.0000,3,3,多换,B,2194.0000,0.0000,30046,0
sc,rb1605,2016-03-07 21:05:47.000,2194.0000,1739054,0,526560.0000,24.0000,12,12,多换,B,2194.0000,0.0000,30030,0
sc,rb1605,2016-03-07 21:05:47.500,2194.0000,1739054,0,0.0000,0.0000,0,0,多换,B,2194.0000,0.0000,30075,0
sc,rb1605,2016-03-07 21:05:48.000,2194.0000,1739054,0,43880.0000,2.0000,1,1,多换,B,2194.0000,0.0000,30073,0
sc,rb1605,2016-03-07 21:05:48.500,2194.0000,1739054,0,43880.0000,2.0000,1,1,多换,B,2194.0000,0.0000,30075,0
sc,rb1605,2016-03-07 21:05:49.000,2194.0000,1739054,0,0.0000,0.0000,0,0,多换,B,2194.0000,0.0000,30075,0
sc,rb1605,2016-03-07 21:05:49.500,2194.0000,1739054,0,87760.0000,4.0000,2,2,多换,B,2194.0000,0.0000,30074,0
sc,rb1605,2016-03-07 21:05:50.000,2194.0000,1739054,0,43880.0000,2.0000,1,1,多换,B,2194.0000,0.0000,30076,0
sc,rb1605,2016-03-07 21:05:50.500,2194.0000,1739054,0,0.0000,0.0000,0,0,多换,B,2194.0000,0.0000,30183,0
sc,rb1605,2016-03-07 21:05:51.000,2194.0000,1739052,-2,87760.0000,4.0000,1,3,空平,B,2194.0000,0.0000,30246,0
sc,rb1605,2016-03-07 21:05:51.500,2194.0000,1739052,0,219400.0000,10.0000,5,5,多换,B,2194.0000,0.0000,30617,0
sc,rb1605,2016-03-07 21:05:52.000,2194.0000,1739052,0,438800.0000,20.0000,10,10,多换,B,2194.0000,0.0000,30672,0
sc,rb1605,2016-03-07 21:05:52.500,2194.0000,1739050,-2,43880.0000,2.0000,0,2,双平,B,2194.0000,0.0000,30770,0
sc,rb1605,2016-03-07 21:05:53.000,2194.0000,1739040,-10,438800.0000,20.0000,5,15,空平,B,2194.0000,0.0000,30746,0
sc,rb1605,2016-03-07 21:05:53.500,2194.0000,1739028,-12,263280.0000,12.0000,0,12,双平,B,2194.0000,0.0000,31265,0
sc,rb1605,2016-03-07 21:05:54.000,2194.0000,1739028,0,0.0000,0.0000,0,0,多换,B,2194.0000,0.0000,31268,0
sc,rb1605,2016-03-07 21:05:54.500,2194.0000,1739024,-4,87760.0000,4.0000,0,4,双平,B,2194.0000,0.0000,31298,0
sc,rb1605,2016-03-07 21:05:55.000,2194.0000,1739022,-2,20974640.0000,956.0000,477,479,空平,B,2194.0000,0.0000,30829,0
sc,rb1605,2016-03-07 21:05:55.500,2194.0000,1739022,0,87760.0000,4.0000,2,2,多换,B,2194.0000,0.0000,30825,0
sc,rb1605,2016-03-07 21:05:56.000,2194.0000,1739018,-4,131640.0000,6.0000,1,5,空平,B,2194.0000,0.0000,30840,0
sc,rb1605,2016-03-07 21:05:56.500,2194.0000,1739018,0,131640.0000,6.0000,3,3,多换,B,2194.0000,0.0000,30860,0
sc,rb1605,2016-03-07 21:05:57.000,2194.0000,1738618,-400,8776000.0000,400.0000,0,400,双平,B,2194.0000,0.0000,30954,0
sc,rb1605,2016-03-07 21:05:57.500,2194.0000,1738218,-400,8776000.0000,400.0000,0,400,双平,B,2194.0000,0.0000,30884,0
sc,rb1605,2016-03-07 21:05:58.000,2194.0000,1738218,0,0.0000,0.0000,0,0,多换,B,2194.0000,0.0000,30888,0
sc,rb1605,2016-03-07 21:05:58.500,2194.0000,1738216,-2,87760.0000,4.0000,1,3,空平,B,2194.0000,0.0000,30947,0
sc,rb1605,2016-03-07 21:05:59.000,2194.0000,1738216,0,0.0000,0.0000,0,0,多换,B,2194.0000,0.0000,30994,0
sc,rb1605,2016-03-07 21:05:59.500,2194.0000,1738214,-2,131640.0000,6.0000,2,4,空平,B,2194.0000,0.0000,30993,0
sc,rb1605,2016-03-07 21:06:00.000,2194.0000,1738208,-6,131640.0000,6.0000,0,6,双平,B,2194.0000,0.0000,30996,0
sc,rb1605,2016-03-07 21:06:00.500,2194.0000,1738184,-24,570440.0000,26.0000,1,25,空平,B,2194.0000,0.0000,30991,0
sc,rb1605,2016-03-07 21:06:01.000,2194.0000,1738084,-100,2194000.0000,100.0000,0,100,双平,B,2194.0000,0.0000,30942,0
sc,rb1605,2016-03-07 21:06:01.500,2194.0000,1738072,-12,307160.0000,14.0000,1,13,空平,B,2194.0000,0.0000,30967,0
sc,rb1605,2016-03-07 21:06:02.000,2194.0000,1738072,0,43880.0000,2.0000,1,1,多换,B,2194.0000,0.0000,30979,0
sc,rb1605,2016-03-07 21:06:02.500,2194.0000,1738070,-2,43880.0000,2.0000,0,2,双平,B,2194.0000,0.0000,30961,0
sc,rb1605,2016-03-07 21:06:03.000,2194.0000,1738070,0,43880.0000,2.0000,1,1,多换,B,2194.0000,0.0000,31001,0
sc,rb1605,2016-03-07 21:06:03.500,2194.0000,1738068,-2,263280.0000,12.0000,5,7,空平,B,2194.0000,0.0000,31001,0
sc,rb1605,2016-03-07 21:06:04.000,2194.0000,1738068,0,43880.0000,2.0000,1,1,多换,B,2194.0000,0.0000,31001,0
sc,rb1605,2016-03-07 21:06:04.500,2194.0000,1738068,0,43880.0000,2.0000,1,1,多换,B,2194.0000,0.0000,31015,0
sc,rb1605,2016-03-07 21:06:05.000,2194.0000,1738060,-8,175520.0000,8.0000,0,8,双平,B,2194.0000,0.0000,31049,0
sc,rb1605,2016-03-07 21:06:05.500,2194.0000,1738058,-2,87760.0000,4.0000,1,3,空平,B,2194.0000,0.0000,31068,0
sc,rb1605,2016-03-07 21:06:06.000,2194.0000,1738058,0,0.0000,0.0000,0,0,多换,B,2194.0000,0.0000,31189,0
sc,rb1605,2016-03-07 21:06:06.500,2194.0000,1738058,0,175520.0000,8.0000,4,4,多换,B,2194.0000,0.0000,31719,0
sc,rb1605,2016-03-07 21:06:07.000,2194.0000,1738056,-2,43880.0000,2.0000,0,2,双平,B,2194.0000,0.0000,31722,0
sc,rb1605,2016-03-07 21:06:07.500,2194.0000,1738056,0,43880.0000,2.0000,1,1,多换,B,2194.0000,0.0000,31731,0
sc,rb1605,2016-03-07 21:06:08.000,2194.0000,1738052,-4,131640.0000,6.0000,1,5,空平,B,2194.0000,0.0000,31732,0
sc,rb1605,2016-03-07 21:06:08.500,2194.0000,1738042,-10,263280.0000,12.0000,1,11,空平,B,2194.0000,0.0000,32001,0
sc,rb1605,2016-03-07 21:06:09.000,2194.0000,1738042,0,43880.0000,2.0000,1,1,多换,B,2194.0000,0.0000,32022,0
sc,rb1605,2016-03-07 21:06:09.500,2194.0000,1737842,-200,4431880.0000,202.0000,1,201,空平,B,2194.0000,0.0000,32095,0
sc,rb1605,2016-03-07 21:06:10.000,2194.0000,1737842,0,0.0000,0.0000,0,0,多换,B,2194.0000,0.0000,32580,0
sc,rb1605,2016-03-07 21:06:10.500,2194.0000,1737842,0,0.0000,0.0000,0,0,多换,B,2194.0000,0.0000,32592,0
sc,rb1605,2016-03-07 21:06:11.000,2194.0000,1737842,0,43880.0000,2.0000,1,1,多换,B,2194.0000,0.0000,32589,0
sc,rb1605,2016-03-07 21:06:11.500,2194.0000,1737838,-4,87760.0000,4.0000,0,4,双平,B,2194.0000,0.0000,32622,0
sc,rb1605,2016-03-07 21:06:12.000,2194.0000,1737720,-118,2632800.0000,120.0000,1,119,空平,B,2194.0000,0.0000,32617,0
sc,rb1605,2016-03-07 21:06:12.500,2194.0000,1737710,-10,219400.0000,10.0000,0,10,双平,B,2194.0000,0.0000,32612,0
sc,rb1605,2016-03-07 21:06:13.000,2194.0000,1737710,0,0.0000,0.0000,0,0,多换,B,2194.0000,0.0000,32871,0
sc,rb1605,2016-03-07 21:06:13.500,2194.0000,1737710,0,0.0000,0.0000,0,0,多换,B,2194.0000,0.0000,33374,0
sc,rb1605,2016-03-07 21:06:14.000,2194.0000,1737710,0,43880.0000,2.0000,1,1,多换,B,2194.0000,0.0000,33276,0
sc,rb1605,2016-03-07 21:06:14.500,2194.0000,1737710,0,43880.0000,2.0000,1,1,多换,B,2194.0000,0.0000,33280,0
sc,rb1605,2016-03-07 21:06:15.000,2194.0000,1737710,0,175520.0000,8.0000,4,4,多换,B,2194.0000,0.0000,33326,0
sc,rb1605,2016-03-07 21:06:15.500,2194.0000,1737710,0,0.0000,0.0000,0,0,多换,B,2194.0000,0.0000,33429,0
sc,rb1605,2016-03-07 21:06:16.000,2194.0000,1737710,0,0.0000,0.0000,0,0,多换,B,2194.0000,0.0000,33438,0
sc,rb1605,2016-03-07 21:06:16.500,2194.0000,1737710,0,0.0000,0.0000,0,0,多换,B,2194.0000,0.0000,33459,0
sc,rb1605,2016-03-07 21:06:17.000,2194.0000,1737710,0,0.0000,0.0000,0,0,多换,B,2194.0000,0.0000,33512,0
sc,rb1605,2016-03-07 21:06:17.500,2194.0000,1737710,0,43880.0000,2.0000,1,1,多换,B,2194.0000,0.0000,34063,0
sc,rb1605,2016-03-07 21:06:18.000,2194.0000,1737710,0,0.0000,0.0000,0,0,多换,B,2194.0000,0.0000,34088,0
sc,rb1605,2016-03-07 21:06:18.500,2194.0000,1737708,-2,43880.0000,2.0000,0,2,双平,B,2194.0000,0.0000,34196,0
sc,rb1605,2016-03-07 21:06:19.000,2194.0000,1737708,0,0.0000,0.0000,0,0,多换,B,2194.0000,0.0000,34210,0
sc,rb1605,2016-03-07 21:06:19.500,2194.0000,1737708,0,87760.0000,4.0000,2,2,多换,B,2194.0000,0.0000,34259,0
sc,rb1605,2016-03-07 21:06:20.000,2194.0000,1737708,0,43880.0000,2.0000,1,1,多换,B,2194.0000,0.0000,34281,0
sc,rb1605,2016-03-07 21:06:20.500,2194.0000,1737708,0,1316400.0000,60.0000,30,30,多换,B,2194.0000,0.0000,34313,0
sc,rb1605,2016-03-07 21:06:21.000,2194.0000,1737708,0,877600.0000,40.0000,20,20,多换,B,2194.0000,0.0000,34597,0
sc,rb1605,2016-03-07 21:06:21.500,2194.0000,1737708,0,0.0000,0.0000,0,0,多换,B,2194.0000,0.0000,34652,0
sc,rb1605,2016-03-07 21:06:22.000,2194.0000,1737708,0,0.0000,0.0000,0,0,多换,B,2194.0000,0.0000,34660,0
sc,rb1605,2016-03-07 21:06:22.500,2194.0000,1737628,-80,1755200.0000,80.0000,0,80,双平,B,2194.0000,0.0000,34620,0
sc,rb1605,2016-03-07 21:06:23.000,2194.0000,1737620,-8,175520.0000,8.0000,0,8,双平,B,2194.0000,0.0000,34620,0
sc,rb1605,2016-03-07 21:06:23.500,2194.0000,1737620,0,0.0000,0.0000,0,0,多换,B,2194.0000,0.0000,34624,0
sc,rb1605,2016-03-07 21:06:24.000,2194.0000,1737620,0,0.0000,0.0000,0,0,多换,B,2194.0000,0.0000,34648,0
sc,rb1605,2016-03-07 21:06:24.500,2194.0000,1737618,-2,43880.0000,2.0000,0,2,双平,B,2194.0000,0.0000,34666,0
sc,rb1605,2016-03-07 21:06:25.000,2194.0000,1737618,0,0.0000,0.0000,0,0,多换,B,2194.0000,0.0000,34683,0
sc,rb1605,2016-03-07 21:06:25.500,2194.0000,1737598,-20,526560.0000,24.0000,2,22,空平,B,2194.0000,0.0000,34748,0
sc,rb1605,2016-03-07 21:06:26.000,2194.0000,1737598,0,43880.0000,2.0000,1,1,多换,B,2194.0000,0.0000,34963,0
sc,rb1605,2016-03-07 21:06:26.500,2194.0000,1737596,-2,43880.0000,2.0000,0,2,双平,B,2194.0000,0.0000,34971,0
sc,rb1605,2016-03-07 21:06:27.000,2194.0000,1737596,0,43880.0000,2.0000,1,1,多换,B,2194.0000,0.0000,34992,0
sc,rb1605,2016-03-07 21:06:27.500,2194.0000,1737590,-6,1448040.0000,66.0000,30,36,空平,B,2194.0000,0.0000,34960,0
sc,rb1605,2016-03-07 21:06:28.000,2194.0000,1737590,0,175520.0000,8.0000,4,4,多换,B,2194.0000,0.0000,35122,0
sc,rb1605,2016-03-07 21:06:28.500,2194.0000,1737590,0,0.0000,0.0000,0,0,多换,B,2194.0000,0.0000,35123,0
sc,rb1605,2016-03-07 21:06:29.000,2194.0000,1737590,0,877600.0000,40.0000,20,20,多换,B,2194.0000,0.0000,35125,0
sc,rb1605,2016-03-07 21:06:29.500,2194.0000,1737590,0,526560.0000,24.0000,12,12,多换,B,2194.0000,0.0000,35625,0
sc,rb1605,2016-03-07 21:06:30.000,2194.0000,1737590,0,131640.0000,6.0000,3,3,多换,B,2194.0000,0.0000,35647,0
sc,rb1605,2016-03-07 21:06:30.500,2194.0000,1737590,0,0.0000,0.0000,0,0,多换,B,2194.0000,0.0000,35673,0
sc,rb1605,2016-03-07 21:06:31.000,2194.0000,1737590,0,175520.0000,8.0000,4,4,多换,B,2194.0000,0.0000,36227,0
sc,rb1605,2016-03-07 21:06:31.500,2194.0000,1737590,0,0.0000,0.0000,0,0,多换,B,2194.0000,0.0000,36231,0
sc,rb1605,2016-03-07 21:06:32.000,2194.0000,1737590,0,0.0000,0.0000,0,0,多换,B,2194.0000,0.0000,36779,0
sc,rb1605,2016-03-07 21:06:32.500,2194.0000,1737588,-2,43880.0000,2.0000,0,2,双平,B,2194.0000,0.0000,36800,0
sc,rb1605,2016-03-07 21:06:33.000,2194.0000,1737588,0,43880.0000,2.0000,1,1,多换,B,2194.0000,0.0000,37543,0
sc,rb1605,2016-03-07 21:06:33.500,2194.0000,1737588,0,0.0000,0.0000,0,0,多换,B,2194.0000,0.0000,37545,0
sc,rb1605,2016-03-07 21:06:34.000,2194.0000,1737588,0,0.0000,0.0000,0,0,多换,B,2194.0000,0.0000,37583,0
sc,rb1605,2016-03-07 21:06:34.500,2194.0000,1737588,0,87760.0000,4.0000,2,2,多换,B,2194.0000,0.0000,38112,0
sc,rb1605,2016-03-07 21:06:35.000,2194.0000,1737588,0,43880.0000,2.0000,1,1,多换,B,2194.0000,0.0000,38133,0
sc,rb1605,2016-03-07 21:06:35.500,2194.0000,1737586,-2,131640.0000,6.0000,2,4,空平,B,2194.0000,0.0000,38710,0
sc,rb1605,2016-03-07 21:06:36.000,2194.0000,1737586,0,0.0000,0.0000,0,0,多换,B,2194.0000,0.0000,38721,0
sc,rb1605,2016-03-07 21:06:36.500,2194.0000,1737586,0,0.0000,0.0000,0,0,多换,B,2194.0000,0.0000,38725,0
sc,rb1605,2016-03-07 21:06:37.000,2194.0000,1737586,0,87760.0000,4.0000,2,2,多换,B,2194.0000,0.0000,38798,0
sc,rb1605,2016-03-07 21:06:37.500,2194.0000,1737586,0,0.0000,0.0000,0,0,多换,B,2194.0000,0.0000,38798,0
sc,rb1605,2016-03-07 21:06:38.000,2194.0000,1737586,0,0.0000,0.0000,0,0,多换,B,2194.0000,0.0000,39014,0
sc,rb1605,2016-03-07 21:06:38.500,2194.0000,1737576,-10,658200.0000,30.0000,10,20,空平,B,2194.0000,0.0000,39000,0
sc,rb1605,2016-03-07 21:06:39.000,2194.0000,1737576,0,43880.0000,2.0000,1,1,多换,B,2194.0000,0.0000,39015,0
sc,rb1605,2016-03-07 21:06:39.500,2194.0000,1737576,0,0.0000,0.0000,0,0,多换,B,2194.0000,0.0000,39061,0
sc,rb1605,2016-03-07 21:06:40.000,2194.0000,1737576,0,87760.0000,4.0000,2,2,多换,B,2194.0000,0.0000,39103,0
sc,rb1605,2016-03-07 21:06:40.500,2194.0000,1737574,-2,87760.0000,4.0000,1,3,空平,B,2194.0000,0.0000,39199,0
sc,rb1605,2016-03-07 21:06:41.000,2194.0000,1737574,0,43880.0000,2.0000,1,1,多换,B,2194.0000,0.0000,39217,0
sc,rb1605,2016-03-07 21:06:41.500,2194.0000,1737574,0,0.0000,0.0000,0,0,多换,B,2194.0000,0.0000,39237,0
sc,rb1605,2016-03-07 21:06:42.000,2194.0000,1737574,0,43880.0000,2.0000,1,1,多换,B,2194.0000,0.0000,39367,0
sc,rb1605,2016-03-07 21:06:42.500,2194.0000,1737574,0,87760.0000,4.0000,2,2,多换,B,2194.0000,0.0000,39469,0
sc,rb1605,2016-03-07 21:06:43.000,2194.0000,1737574,0,131640.0000,6.0000,3,3,多换,B,2194.0000,0.0000,40290,0
sc,rb1605,2016-03-07 21:06:43.500,2194.0000,1737574,0,43880.0000,2.0000,1,1,多换,B,2194.0000,0.0000,40403,0
sc,rb1605,2016-03-07 21:06:44.000,2194.0000,1737574,0,131640.0000,6.0000,3,3,多换,B,2194.0000,0.0000,40417,0
sc,rb1605,2016-03-07 21:06:44.500,2194.0000,1737574,0,0.0000,0.0000,0,0,多换,B,2194.0000,0.0000,40427,0
sc,rb1605,2016-03-07 21:06:45.000,2194.0000,1737534,-40,877600.0000,40.0000,0,40,双平,B,2194.0000,0.0000,40410,0
sc,rb1605,2016-03-07 21:06:45.500,2194.0000,1737534,0,0.0000,0.0000,0,0,多换,B,2194.0000,0.0000,40688,0
sc,rb1605,2016-03-07 21:06:46.000,2194.0000,1737534,0,0.0000,0.0000,0,0,多换,B,2194.0000,0.0000,40997,0
sc,rb1605,2016-03-07 21:06:46.500,2194.0000,1737534,0,0.0000,0.0000,0,0,多换,B,2194.0000,0.0000,41003,0
sc,rb1605,2016-03-07 21:06:47.000,2194.0000,1737532,-2,43880.0000,2.0000,0,2,双平,B,2194.0000,0.0000,41003,0
sc,rb1605,2016-03-07 21:06:47.500,2194.0000,1737532,0,43880.0000,2.0000,1,1,多换,B,2194.0000,0.0000,41036,0
sc,rb1605,2016-03-07 21:06:48.000,2194.0000,1737532,0,0.0000,0.0000,0,0,多换,B,2194.0000,0.0000,41426,0
sc,rb1605,2016-03-07 21:06:48.500,2194.0000,1737512,-20,438800.0000,20.0000,0,20,双平,B,2194.0000,0.0000,41496,0
sc,rb1605,2016-03-07 21:06:49.000,2194.0000,1737492,-20,438800.0000,20.0000,0,20,双平,B,2194.0000,0.0000,41851,0
sc,rb1605,2016-03-07 21:06:49.500,2194.0000,1737492,0,0.0000,0.0000,0,0,多换,B,2194.0000,0.0000,41863,0
sc,rb1605,2016-03-07 21:06:50.000,2194.0000,1737492,0,43880.0000,2.0000,1,1,多换,B,2194.0000,0.0000,41879,0
sc,rb1605,2016-03-07 21:06:50.500,2194.0000,1737492,0,87760.0000,4.0000,2,2,多换,B,2194.0000,0.0000,42136,0
sc,rb1605,2016-03-07 21:06:51.000,2194.0000,1737492,0,0.0000,0.0000,0,0,多换,B,2194.0000,0.0000,42123,0
sc,rb1605,2016-03-07 21:06:51.500,2194.0000,1737492,0,0.0000,0.0000,0,0,多换,B,2194.0000,0.0000,42378,0
sc,rb1605,2016-03-07 21:06:52.000,2194.0000,1737492,0,131640.0000,6.0000,3,3,多换,B,2194.0000,0.0000,42915,0
sc,rb1605,2016-03-07 21:06:52.500,2194.0000,1737492,0,0.0000,0.0000,0,0,多换,B,2194.0000,0.0000,43170,0
sc,rb1605,2016-03-07 21:06:53.000,2194.0000,1737492,0,43880.0000,2.0000,1,1,多换,B,2194.0000,0.0000,43455,0
sc,rb1605,2016-03-07 21:06:53.500,2194.0000,1737492,0,219400.0000,10.0000,5,5,多换,B,2194.0000,0.0000,43558,0
sc,rb1605,2016-03-07 21:06:54.000,2194.0000,1737492,0,0.0000,0.0000,0,0,多换,B,2194.0000,0.0000,43822,0
sc,rb1605,2016-03-07 21:06:54.500,2194.0000,1737492,0,0.0000,0.0000,0,0,多换,B,2194.0000,0.0000,43824,0
sc,rb1605,2016-03-07 21:06:55.000,2194.0000,1737492,0,87760.0000,4.0000,2,2,多换,B,2194.0000,0.0000,44069,0
sc,rb1605,2016-03-07 21:06:55.500,2194.0000,1737492,0,0.0000,0.0000,0,0,多换,B,2194.0000,0.0000,44274,0
sc,rb1605,2016-03-07 21:06:56.000,2194.0000,1737476,-16,394920.0000,18.0000,1,17,空平,B,2194.0000,0.0000,44315,0
sc,rb1605,2016-03-07 21:06:56.500,2194.0000,1737474,-2,263280.0000,12.0000,5,7,空平,B,2194.0000,0.0000,44314,0
sc,rb1605,2016-03-07 21:06:57.000,2194.0000,1737474,0,0.0000,0.0000,0,0,多换,B,2194.0000,0.0000,44327,0
sc,rb1605,2016-03-07 21:06:57.500,2194.0000,1737474,0,0.0000,0.0000,0,0,多换,B,2194.0000,0.0000,44384,0
sc,rb1605,2016-03-07 21:06:58.000,2194.0000,1737474,0,0.0000,0.0000,0,0,多换,B,2194.0000,0.0000,44383,0
sc,rb1605,2016-03-07 21:06:58.500,2194.0000,1737450,-24,526560.0000,24.0000,0,24,双平,B,2194.0000,0.0000,44400,0
sc,rb1605,2016-03-07 21:06:59.000,2194.0000,1737450,0,0.0000,0.0000,0,0,多换,B,2194.0000,0.0000,44662,0
sc,rb1605,2016-03-07 21:06:59.500,2194.0000,1737450,0,0.0000,0.0000,0,0,多换,B,2194.0000,0.0000,44665,0
sc,rb1605,2016-03-07 21:07:00.000,2194.0000,1737450,0,0.0000,0.0000,0,0,多换,B,2194.0000,0.0000,45119,0
sc,rb1605,2016-03-07 21:07:00.500,2194.0000,1737450,0,43880.0000,2.0000,1,1,多换,B,2194.0000,0.0000,45374,0
sc,rb1605,2016-03-07 21:07:01.000,2194.0000,1737410,-40,877600.0000,40.0000,0,40,双平,B,2194.0000,0.0000,45606,0
sc,rb1605,2016-03-07 21:07:01.500,2194.0000,1737410,0,0.0000,0.0000,0,0,多换,B,2194.0000,0.0000,45871,0
sc,rb1605,2016-03-07 21:07:02.000,2194.0000,1737410,0,0.0000,0.0000,0,0,多换,B,2194.0000,0.0000,46182,0
sc,rb1605,2016-03-07 21:07:02.500,2194.0000,1737410,0,43880.0000,2.0000,1,1,多换,B,2194.0000,0.0000,46729,0
sc,rb1605,2016-03-07 21:07:03.000,2194.0000,1737410,0,0.0000,0.0000,0,0,多换,B,2194.0000,0.0000,46995,0
sc,rb1605,2016-03-07 21:07:03.500,2194.0000,1737410,0,0.0000,0.0000,0,0,多换,B,2194.0000,0.0000,47549,0
sc,rb1605,2016-03-07 21:07:04.000,2194.0000,1737410,0,0.0000,0.0000,0,0,多换,B,2194.0000,0.0000,48135,0
sc,rb1605,2016-03-07 21:07:04.500,2194.0000,1737410,0,0.0000,0.0000,0,0,多换,B,2194.0000,0.0000,48512,0
sc,rb1605,2016-03-07 21:07:05.000,2194.0000,1737410,0,1053120.0000,48.0000,24,24,多换,B,2194.0000,0.0000,48743,0
sc,rb1605,2016-03-07 21:07:05.500,2194.0000,1737410,0,0.0000,0.0000,0,0,多换,B,2194.0000,0.0000,48998,0
sc,rb1605,2016-03-07 21:07:06.000,2194.0000,1737410,0,0.0000,0.0000,0,0,多换,B,2194.0000,0.0000,48897,0
sc,rb1605,2016-03-07 21:07:06.500,2194.0000,1737378,-32,965360.0000,44.0000,6,38,空平,B,2194.0000,0.0000,49378,0
sc,rb1605,2016-03-07 21:07:07.000,2194.0000,1737378,0,0.0000,0.0000,0,0,多换,B,2194.0000,0.0000,49669,0
sc,rb1605,2016-03-07 21:07:07.500,2194.0000,1737374,-4,219400.0000,10.0000,3,7,空平,B,2194.0000,0.0000,49826,0
sc,rb1605,2016-03-07 21:07:08.000,2194.0000,1737374,0,43880.0000,2.0000,1,1,多换,B,2194.0000,0.0000,50079,0
sc,rb1605,2016-03-07 21:07:08.500,2194.0000,1737374,0,0.0000,0.0000,0,0,多换,B,2194.0000,0.0000,50382,0
sc,rb1605,2016-03-07 21:07:09.000,2194.0000,1737374,0,43880.0000,2.0000,1,1,多换,B,2194.0000,0.0000,50756,0
sc,rb1605,2016-03-07 21:07:09.500,2194.0000,1737374,0,0.0000,0.0000,0,0,多换,B,2194.0000,0.0000,51061,0
sc,rb1605,2016-03-07 21:07:10.000,2194.0000,1737374,0,438800.0000,20.0000,10,10,多换,B,2194.0000,0.0000,51569,0
sc,rb1605,2016-03-07 21:07:10.500,2194.0000,1737374,0,131640.0000,6.0000,3,3,多换,B,2194.0000,0.0000,51906,0
sc,rb1605,2016-03-07 21:07:11.000,2194.0000,1737374,0,0.0000,0.0000,0,0,多换,B,2194.0000,0.0000,52516,0
sc,rb1605,2016-03-07 21:07:11.500,2194.0000,1737374,0,307160.0000,14.0000,7,7,多换,B,2194.0000,0.0000,52770,0
sc,rb1605,2016-03-07 21:07:12.000,2194.0000,1737364,-10,789840.0000,36.0000,13,23,空平,B,2194.0000,0.0000,52784,0
sc,rb1605,2016-03-07 21:07:12.500,2194.0000,1737364,0,131640.0000,6.0000,3,3,多换,B,2194.0000,0.0000,53284,0
sc,rb1605,2016-03-07 21:07:13.000,2194.0000,1737364,0,43880.0000,2.0000,1,1,多换,B,2194.0000,0.0000,53628,0
sc,rb1605,2016-03-07 21:07:13.500,2194.0000,1737364,0,0.0000,0.0000,0,0,多换,B,2194.0000,0.0000,53917,0
sc,rb1605,2016-03-07 21:07:14.000,2194.0000,1737364,0,0.0000,0.0000,0,0,多换,B,2194.0000,0.0000,53926,0
sc,rb1605,2016-03-07 21:07:14.500,2194.0000,1737364,0,0.0000,0.0000,0,0,多换,B,2194.0000,0.0000,54213,0
sc,rb1605,2016-03-07 21:07:15.000,2194.0000,1737364,0,43880.0000,2.0000,1,1,多换,B,2194.0000,0.0000,54471,0
sc,rb1605,2016-03-07 21:07:15.500,2194.0000,1737364,0,131640.0000,6.0000,3,3,多换,B,2194.0000,0.0000,54765,0
sc,rb1605,2016-03-07 21:07:16.000,2194.0000,1737364,0,43880.0000,2.0000,1,1,多换,B,2194.0000,0.0000,55027,0
sc,rb1605,2016-03-07 21:07:16.500,2194.0000,1737364,0,0.0000,0.0000,0,0,多换,B,2194.0000,0.0000,55292,0
